
<marc:record><marc:leader>00656nam a2200205   4500</marc:leader>
<marc:controlfield tag="005">20110718        </marc:controlfield><marc:controlfield tag="008">110121s1963    gw       |||| 00||| ger d</marc:controlfield><marc:datafield tag="035" ind1=" " ind2=" "><marc:subfield code="a">(DE-604)BVBBV037148062</marc:subfield></marc:datafield><marc:datafield tag="040" ind1=" " ind2=" "><marc:subfield code="a">DE-604</marc:subfield><marc:subfield code="e">rakwb</marc:subfield></marc:datafield><marc:datafield tag="044" ind1=" " ind2=" "><marc:subfield code="a">gw</marc:subfield><marc:subfield code="c">DE</marc:subfield></marc:datafield><marc:datafield tag="049" ind1=" " ind2=" "><marc:subfield code="a">BAM01</marc:subfield></marc:datafield><marc:datafield tag="082" ind1="0" ind2=" "><marc:subfield code="a">540</marc:subfield></marc:datafield><marc:datafield tag="100" ind1="1" ind2=" "><marc:subfield code="a">Baeumler, Ernst</marc:subfield></marc:datafield><marc:datafield tag="245" ind1="1" ind2="0"><marc:subfield code="a">Ein Jahrhundert Chemie</marc:subfield><marc:subfield code="c">Mit 2 Beiträgen von Gustav Ehrhart u. Volkmar Muthesius. (Hrsg. zum hundertjähr. Jubiläum d. Farbwerke Hoechst AG. Farbfotos: Rudi Angenendt.)</marc:subfield></marc:datafield><marc:datafield tag="260" ind1=" " ind2=" "><marc:subfield code="a">Düsseldorf</marc:subfield><marc:subfield code="b">Econ Verl.</marc:subfield><marc:subfield code="c">1963</marc:subfield></marc:datafield><marc:datafield tag="300" ind1=" " ind2=" "><marc:subfield code="a">392 S.</marc:subfield></marc:datafield><marc:datafield tag="700" ind1="1" ind2=" "><marc:subfield code="a">Angenendt, Rudi</marc:subfield></marc:datafield><marc:datafield tag="700" ind1="1" ind2=" "><marc:subfield code="a">Ehrhart, Gustav</marc:subfield></marc:datafield><marc:datafield tag="700" ind1="1" ind2=" "><marc:subfield code="a">Muthesius, Volkmar</marc:subfield></marc:datafield></marc:record>