
<marc:record><marc:leader>00579nam a22001692 b4500</marc:leader>
<marc:controlfield tag="001">BV037157012</marc:controlfield>
<marc:controlfield tag="005">20110328        </marc:controlfield><marc:controlfield tag="008">110122s1910             |||| 00||| eng d</marc:controlfield><marc:datafield tag="035" ind1=" " ind2=" "><marc:subfield code="a">(DE-604)BVBBV037157012</marc:subfield></marc:datafield><marc:datafield tag="040" ind1=" " ind2=" "><marc:subfield code="a">DE-604</marc:subfield><marc:subfield code="e">rakwb</marc:subfield></marc:datafield><marc:datafield tag="049" ind1=" " ind2=" "><marc:subfield code="a">HUBA1</marc:subfield></marc:datafield><marc:datafield tag="245" ind1="1" ind2="0"><marc:subfield code="a">Early Scottish poetry</marc:subfield><marc:subfield code="b">Thomas the Rhymer, John Barbour, Androw of Wyntoun, Henry the Minstrel</marc:subfield></marc:datafield><marc:datafield tag="260" ind1=" " ind2=" "><marc:subfield code="a">London [u.a.]</marc:subfield><marc:subfield code="b">Sands</marc:subfield><marc:subfield code="c">[ca. 1910]</marc:subfield></marc:datafield><marc:datafield tag="300" ind1=" " ind2=" "><marc:subfield code="a">220 S.</marc:subfield></marc:datafield><marc:datafield tag="490" ind1="1" ind2=" "><marc:subfield code="a">Abbotsford series of the Scottish poets </marc:subfield><marc:subfield code="v">[1]</marc:subfield></marc:datafield><marc:datafield tag="830" ind1=" " ind2="0"><marc:subfield code="a">Abbotsford series of the Scottish poets</marc:subfield><marc:subfield code="v">1</marc:subfield><marc:subfield code="w">(DE-604)BV002798079</marc:subfield></marc:datafield><marc:datafield tag="940" ind1="1" ind2=" "><marc:subfield code="q">HUB-ZB011201101</marc:subfield></marc:datafield></marc:record>