
<marc:record><marc:leader>00607nam a22001932 b4500</marc:leader>
<marc:controlfield tag="001">BV037157013</marc:controlfield>
<marc:controlfield tag="005">00000000000000.0</marc:controlfield><marc:controlfield tag="008">110122s1948             m||| 00||| ger d</marc:controlfield><marc:datafield tag="035" ind1=" " ind2=" "><marc:subfield code="a">(DE-604)BVBBV037157013</marc:subfield></marc:datafield><marc:datafield tag="040" ind1=" " ind2=" "><marc:subfield code="a">DE-604</marc:subfield><marc:subfield code="e">rakwb</marc:subfield></marc:datafield><marc:datafield tag="049" ind1=" " ind2=" "><marc:subfield code="a">HUBA1</marc:subfield></marc:datafield><marc:datafield tag="100" ind1="1" ind2=" "><marc:subfield code="a">Ogiermann, Helmut Aloisius</marc:subfield><marc:subfield code="0">(DE-588)128164751</marc:subfield></marc:datafield><marc:datafield tag="245" ind1="1" ind2="0"><marc:subfield code="a">Hegels Gottesbeweise</marc:subfield><marc:subfield code="c">Helmut Aloisius Ogiermann</marc:subfield></marc:datafield><marc:datafield tag="260" ind1=" " ind2=" "><marc:subfield code="c">1948</marc:subfield></marc:datafield><marc:datafield tag="300" ind1=" " ind2=" "><marc:subfield code="a">XI, 230 S.</marc:subfield></marc:datafield><marc:datafield tag="490" ind1="1" ind2=" "><marc:subfield code="a">Analecta Gregoriana </marc:subfield><marc:subfield code="v">49</marc:subfield></marc:datafield><marc:datafield tag="502" ind1=" " ind2=" "><marc:subfield code="a">Rom, Univ., Diss.</marc:subfield></marc:datafield><marc:datafield tag="810" ind1="2" ind2=" "><marc:subfield code="a">Pontificia Università Gregoriana &lt;Roma&gt;</marc:subfield><marc:subfield code="t">Analecta Gregoriana</marc:subfield><marc:subfield code="v">49</marc:subfield><marc:subfield code="w">(DE-604)BV002729322</marc:subfield></marc:datafield><marc:datafield tag="940" ind1="1" ind2=" "><marc:subfield code="q">HUB-ZB011201101</marc:subfield></marc:datafield></marc:record>