
<marc:record><marc:leader>00514nam a2200181   4500</marc:leader>
<marc:controlfield tag="001">BV037157017</marc:controlfield>
<marc:controlfield tag="005">00000000000000.0</marc:controlfield><marc:controlfield tag="008">110122s1857             |||| 00||| ger d</marc:controlfield><marc:datafield tag="035" ind1=" " ind2=" "><marc:subfield code="a">(DE-604)BVBBV037157017</marc:subfield></marc:datafield><marc:datafield tag="035" ind1=" " ind2=" "><marc:subfield code="a">(OCoLC)162484115</marc:subfield></marc:datafield><marc:datafield tag="040" ind1=" " ind2=" "><marc:subfield code="a">DE-604</marc:subfield><marc:subfield code="e">rakwb</marc:subfield></marc:datafield><marc:datafield tag="049" ind1=" " ind2=" "><marc:subfield code="a">SBG01</marc:subfield></marc:datafield><marc:datafield tag="100" ind1="1" ind2=" "><marc:subfield code="a">Redwitz, Oskar von</marc:subfield><marc:subfield code="d">1823-1891</marc:subfield><marc:subfield code="0">(DE-588)116392983</marc:subfield></marc:datafield><marc:datafield tag="245" ind1="1" ind2="0"><marc:subfield code="a">Thomas Morus</marc:subfield><marc:subfield code="b">historische Tragödie</marc:subfield><marc:subfield code="c">von Oscar v. Redwitz</marc:subfield></marc:datafield><marc:datafield tag="250" ind1=" " ind2=" "><marc:subfield code="a">3. Aufl.</marc:subfield></marc:datafield><marc:datafield tag="260" ind1=" " ind2=" "><marc:subfield code="a">Mainz</marc:subfield><marc:subfield code="b">Kirchheim</marc:subfield><marc:subfield code="c">1857</marc:subfield></marc:datafield><marc:datafield tag="300" ind1=" " ind2=" "><marc:subfield code="a">XII, 386 S.</marc:subfield></marc:datafield><marc:datafield tag="500" ind1=" " ind2=" "><marc:subfield code="a">In Fraktur</marc:subfield></marc:datafield></marc:record>