
<marc:record><marc:leader>00422nam a2200145  a4500</marc:leader>
<marc:controlfield tag="001">BV037157019</marc:controlfield>
<marc:controlfield tag="005">00000000000000.0</marc:controlfield><marc:controlfield tag="008">110122nuuuuuuuu         |||| 00||| ger d</marc:controlfield><marc:datafield tag="035" ind1=" " ind2=" "><marc:subfield code="a">(DE-604)BVBBV037157019</marc:subfield></marc:datafield><marc:datafield tag="040" ind1=" " ind2=" "><marc:subfield code="a">DE-604</marc:subfield><marc:subfield code="e">rakwb</marc:subfield></marc:datafield><marc:datafield tag="100" ind1="1" ind2=" "><marc:subfield code="a">Lubarsch, Rudolph</marc:subfield><marc:subfield code="0">(DE-588)100813550</marc:subfield></marc:datafield><marc:datafield tag="245" ind1="1" ind2="0"><marc:subfield code="a">Mysterien von Berlin</marc:subfield><marc:subfield code="c">von L. Schubar</marc:subfield></marc:datafield><marc:datafield tag="260" ind1=" " ind2=" "><marc:subfield code="a">Berlin</marc:subfield><marc:subfield code="b">Heymann, Carl</marc:subfield></marc:datafield><marc:datafield tag="490" ind1="0" ind2=" "><marc:subfield code="a">L. Schubar's gesammelte Schriften</marc:subfield></marc:datafield><marc:datafield tag="500" ind1=" " ind2=" "><marc:subfield code="a">In Fraktur</marc:subfield></marc:datafield></marc:record>