
<marc:record><marc:leader>00525nam a22001812 b4500</marc:leader>
<marc:controlfield tag="001">BV037157033</marc:controlfield>
<marc:controlfield tag="005">20110329        </marc:controlfield><marc:controlfield tag="008">110122s1917             |||| 00||| ger d</marc:controlfield><marc:datafield tag="035" ind1=" " ind2=" "><marc:subfield code="a">(DE-601)GBV443861617</marc:subfield></marc:datafield><marc:datafield tag="040" ind1=" " ind2=" "><marc:subfield code="a">DE-604</marc:subfield></marc:datafield><marc:datafield tag="049" ind1=" " ind2=" "><marc:subfield code="a">HUBA1</marc:subfield></marc:datafield><marc:datafield tag="100" ind1="1" ind2=" "><marc:subfield code="a">Polenz, Wilhelm von</marc:subfield><marc:subfield code="d">1861-1903</marc:subfield><marc:subfield code="0">(DE-588)118803336</marc:subfield></marc:datafield><marc:datafield tag="245" ind1="1" ind2="0"><marc:subfield code="a">Luginsland</marc:subfield><marc:subfield code="c">Wilhelm v. Polenz</marc:subfield></marc:datafield><marc:datafield tag="260" ind1=" " ind2=" "><marc:subfield code="a">Berlin</marc:subfield><marc:subfield code="b">Fleischel</marc:subfield><marc:subfield code="c">1917</marc:subfield></marc:datafield><marc:datafield tag="300" ind1=" " ind2=" "><marc:subfield code="a">162 S.</marc:subfield></marc:datafield><marc:datafield tag="490" ind1="1" ind2=" "><marc:subfield code="a">Die Feldbücher </marc:subfield><marc:subfield code="v">[12]</marc:subfield></marc:datafield><marc:datafield tag="830" ind1=" " ind2="0"><marc:subfield code="a">Die Feldbücher</marc:subfield><marc:subfield code="v">12</marc:subfield><marc:subfield code="w">(DE-604)BV020549245</marc:subfield></marc:datafield><marc:datafield tag="940" ind1="1" ind2=" "><marc:subfield code="q">HUB-ZB011201101</marc:subfield></marc:datafield></marc:record>