
<marc:record><marc:leader>00544nam a22001812 c4500</marc:leader>
<marc:controlfield tag="001">BV037157034</marc:controlfield>
<marc:controlfield tag="005">00000000000000.0</marc:controlfield><marc:controlfield tag="008">110122s1920             |||| 00||| ger d</marc:controlfield><marc:datafield tag="035" ind1=" " ind2=" "><marc:subfield code="a">(DE-604)BVBBV037157034</marc:subfield></marc:datafield><marc:datafield tag="040" ind1=" " ind2=" "><marc:subfield code="a">DE-604</marc:subfield><marc:subfield code="e">rakwb</marc:subfield></marc:datafield><marc:datafield tag="049" ind1=" " ind2=" "><marc:subfield code="a">HUBA1</marc:subfield></marc:datafield><marc:datafield tag="100" ind1="1" ind2=" "><marc:subfield code="a">Polenz, Wilhelm von</marc:subfield><marc:subfield code="d">1861-1903</marc:subfield><marc:subfield code="0">(DE-588)118803336</marc:subfield></marc:datafield><marc:datafield tag="245" ind1="1" ind2="0"><marc:subfield code="a">Gesammelte Werke</marc:subfield><marc:subfield code="b">Roman</marc:subfield><marc:subfield code="n">3</marc:subfield><marc:subfield code="p">Der Pfarrer von Breitendorf</marc:subfield><marc:subfield code="c">Wilhelm v. Polenz</marc:subfield></marc:datafield><marc:datafield tag="250" ind1=" " ind2=" "><marc:subfield code="a">11. Aufl.</marc:subfield></marc:datafield><marc:datafield tag="260" ind1=" " ind2=" "><marc:subfield code="a">Berlin</marc:subfield><marc:subfield code="b">Fleischel</marc:subfield><marc:subfield code="c">1920</marc:subfield></marc:datafield><marc:datafield tag="300" ind1=" " ind2=" "><marc:subfield code="a">547 S.</marc:subfield></marc:datafield><marc:datafield tag="773" ind1="0" ind2="8"><marc:subfield code="w">(DE-604)BV006950128</marc:subfield><marc:subfield code="g">3</marc:subfield></marc:datafield><marc:datafield tag="940" ind1="1" ind2=" "><marc:subfield code="q">HUB-ZB011201101</marc:subfield></marc:datafield></marc:record>