
<marc:record><marc:leader>00579nam a22001812 b4500</marc:leader>
<marc:controlfield tag="001">BV037157037</marc:controlfield>
<marc:controlfield tag="005">20111222        </marc:controlfield><marc:controlfield tag="008">110122s1911       a|||  |||| 00||| ger d</marc:controlfield><marc:datafield tag="035" ind1=" " ind2=" "><marc:subfield code="a">(DE-101)DNB362057311</marc:subfield></marc:datafield><marc:datafield tag="040" ind1=" " ind2=" "><marc:subfield code="a">DE-604</marc:subfield></marc:datafield><marc:datafield tag="049" ind1=" " ind2=" "><marc:subfield code="a">HUBA1</marc:subfield></marc:datafield><marc:datafield tag="100" ind1="1" ind2=" "><marc:subfield code="a">Polenz, Wilhelm von</marc:subfield><marc:subfield code="d">1861-1903</marc:subfield><marc:subfield code="0">(DE-588)118803336</marc:subfield></marc:datafield><marc:datafield tag="245" ind1="1" ind2="0"><marc:subfield code="a">Dorfgeschichten</marc:subfield><marc:subfield code="c">von Wilhelm v. Polenz. Mit Ill. von Gentz</marc:subfield></marc:datafield><marc:datafield tag="260" ind1=" " ind2=" "><marc:subfield code="a">Berlin [u.a.]</marc:subfield><marc:subfield code="b">Hillger</marc:subfield><marc:subfield code="c">[1911]</marc:subfield></marc:datafield><marc:datafield tag="300" ind1=" " ind2=" "><marc:subfield code="a">112 S.</marc:subfield><marc:subfield code="b">Ill.</marc:subfield></marc:datafield><marc:datafield tag="490" ind1="1" ind2=" "><marc:subfield code="a">Kürschners Bücherschatz </marc:subfield><marc:subfield code="v">774</marc:subfield></marc:datafield><marc:datafield tag="830" ind1=" " ind2="0"><marc:subfield code="a">Kürschners Bücherschatz</marc:subfield><marc:subfield code="v">774</marc:subfield><marc:subfield code="w">(DE-604)BV005625524</marc:subfield></marc:datafield><marc:datafield tag="940" ind1="1" ind2=" "><marc:subfield code="q">HUB-ZB011201101</marc:subfield></marc:datafield></marc:record>