
<marc:record><marc:leader>00490nam a22001692  4500</marc:leader>
<marc:controlfield tag="001">BV037157039</marc:controlfield>
<marc:controlfield tag="005">20110329        </marc:controlfield><marc:controlfield tag="008">110122s1928             |||| 00||| ger d</marc:controlfield><marc:datafield tag="035" ind1=" " ind2=" "><marc:subfield code="a">(DE-601)GBV41793484X</marc:subfield></marc:datafield><marc:datafield tag="040" ind1=" " ind2=" "><marc:subfield code="a">DE-604</marc:subfield></marc:datafield><marc:datafield tag="049" ind1=" " ind2=" "><marc:subfield code="a">HUBA1</marc:subfield></marc:datafield><marc:datafield tag="100" ind1="1" ind2=" "><marc:subfield code="a">Polenz, Wilhelm von</marc:subfield><marc:subfield code="d">1861-1903</marc:subfield><marc:subfield code="0">(DE-588)118803336</marc:subfield></marc:datafield><marc:datafield tag="245" ind1="1" ind2="0"><marc:subfield code="a">Der Büttnerbauer</marc:subfield><marc:subfield code="b">Roman</marc:subfield><marc:subfield code="c">Wilhelm von Polenz</marc:subfield></marc:datafield><marc:datafield tag="250" ind1=" " ind2=" "><marc:subfield code="a">51. u. 52. Tsd.</marc:subfield></marc:datafield><marc:datafield tag="260" ind1=" " ind2=" "><marc:subfield code="a">Stuttgart [u.a.]</marc:subfield><marc:subfield code="b">Dt. Verl.-Anst.</marc:subfield><marc:subfield code="c">[1928]</marc:subfield></marc:datafield><marc:datafield tag="300" ind1=" " ind2=" "><marc:subfield code="a">479 S.</marc:subfield></marc:datafield><marc:datafield tag="940" ind1="1" ind2=" "><marc:subfield code="q">HUB-ZB011201101</marc:subfield></marc:datafield></marc:record>