
<marc:record><marc:leader>00591nam a22001812 b4500</marc:leader>
<marc:controlfield tag="001">BV037157040</marc:controlfield>
<marc:controlfield tag="005">20110329        </marc:controlfield><marc:controlfield tag="008">110122s1914             |||| 00||| ger d</marc:controlfield><marc:datafield tag="035" ind1=" " ind2=" "><marc:subfield code="a">(DE-601)GBV141435577</marc:subfield></marc:datafield><marc:datafield tag="040" ind1=" " ind2=" "><marc:subfield code="a">DE-604</marc:subfield></marc:datafield><marc:datafield tag="049" ind1=" " ind2=" "><marc:subfield code="a">HUBA1</marc:subfield></marc:datafield><marc:datafield tag="100" ind1="1" ind2=" "><marc:subfield code="a">Polenske, Karl</marc:subfield><marc:subfield code="0">(DE-588)101623690</marc:subfield></marc:datafield><marc:datafield tag="245" ind1="1" ind2="0"><marc:subfield code="a">Der Kampf um die Braunkohle</marc:subfield><marc:subfield code="b">ein rechts- und wirtschaftspolitisches Gutachten</marc:subfield><marc:subfield code="c">von Karl Polenske</marc:subfield></marc:datafield><marc:datafield tag="260" ind1=" " ind2=" "><marc:subfield code="a">Berlin</marc:subfield><marc:subfield code="b">Verl. &quot;Bodenreform&quot;</marc:subfield><marc:subfield code="c">1914</marc:subfield></marc:datafield><marc:datafield tag="300" ind1=" " ind2=" "><marc:subfield code="a">71 S.</marc:subfield></marc:datafield><marc:datafield tag="490" ind1="1" ind2=" "><marc:subfield code="a">Soziale Zeitfragen </marc:subfield><marc:subfield code="v">56/57</marc:subfield></marc:datafield><marc:datafield tag="830" ind1=" " ind2="0"><marc:subfield code="a">Soziale Zeitfragen</marc:subfield><marc:subfield code="v">56/57</marc:subfield><marc:subfield code="w">(DE-604)BV002780958</marc:subfield></marc:datafield><marc:datafield tag="940" ind1="1" ind2=" "><marc:subfield code="q">HUB-ZB011201101</marc:subfield></marc:datafield></marc:record>