
<marc:record><marc:leader>01141nam a2200277   4500</marc:leader>
<marc:controlfield tag="001">BV037157041</marc:controlfield>
<marc:controlfield tag="005">00000000000000.0</marc:controlfield><marc:controlfield tag="008">110122s2009       d|||  m||| 00||| und d</marc:controlfield><marc:datafield tag="035" ind1=" " ind2=" "><marc:subfield code="a">(DE-604)BVBBV037157041</marc:subfield></marc:datafield><marc:datafield tag="035" ind1=" " ind2=" "><marc:subfield code="a">(OCoLC)706984767</marc:subfield></marc:datafield><marc:datafield tag="040" ind1=" " ind2=" "><marc:subfield code="a">DE-604</marc:subfield><marc:subfield code="e">rakwb</marc:subfield></marc:datafield><marc:datafield tag="049" ind1=" " ind2=" "><marc:subfield code="a">FHI01</marc:subfield></marc:datafield><marc:datafield tag="084" ind1=" " ind2=" "><marc:subfield code="a">QK 640</marc:subfield><marc:subfield code="2">rvk</marc:subfield></marc:datafield><marc:datafield tag="100" ind1="1" ind2=" "><marc:subfield code="a">Schneider, Marco Michael</marc:subfield><marc:subfield code="0">(DE-588)143322877</marc:subfield></marc:datafield><marc:datafield tag="245" ind1="1" ind2="0"><marc:subfield code="a">Die Entstehung der Finanzkrise und ihre Auswirkungen auf die Kreditvergabe an kleine und mittelständische Unternehmen im Lichte von Basel II</marc:subfield><marc:subfield code="c">von Marco Michael Schneider. Betreuer: Stefan May</marc:subfield></marc:datafield><marc:datafield tag="260" ind1=" " ind2=" "><marc:subfield code="a">Ingolstadt</marc:subfield><marc:subfield code="c">2009</marc:subfield></marc:datafield><marc:datafield tag="300" ind1=" " ind2=" "><marc:subfield code="a">124 Bl.</marc:subfield><marc:subfield code="b">graph. Darst.</marc:subfield><marc:subfield code="e">1 CD-ROM (12 cm)</marc:subfield></marc:datafield><marc:datafield tag="502" ind1=" " ind2=" "><marc:subfield code="a">Fachhochschule Ingolstadt, Bachelorarb., 2010</marc:subfield></marc:datafield><marc:datafield tag="630" ind1="0" ind2="7"><marc:subfield code="a">Basler Eigenkapitalvereinbarung</marc:subfield><marc:subfield code="9">g:2001</marc:subfield><marc:subfield code="0">(DE-588)4679731-2</marc:subfield><marc:subfield code="2">gnd</marc:subfield></marc:datafield><marc:datafield tag="650" ind1="0" ind2="7"><marc:subfield code="a">Finanzkrise</marc:subfield><marc:subfield code="0">(DE-588)7635855-0</marc:subfield><marc:subfield code="2">gnd</marc:subfield></marc:datafield><marc:datafield tag="650" ind1="0" ind2="7"><marc:subfield code="a">Kreditwesen</marc:subfield><marc:subfield code="0">(DE-588)4032950-1</marc:subfield><marc:subfield code="2">gnd</marc:subfield></marc:datafield><marc:datafield tag="689" ind1="0" ind2="0"><marc:subfield code="0">(DE-588)4032950-1</marc:subfield><marc:subfield code="D">s</marc:subfield><marc:subfield code="a">Kreditwesen</marc:subfield></marc:datafield><marc:datafield tag="689" ind1="0" ind2="1"><marc:subfield code="0">(DE-588)7635855-0</marc:subfield><marc:subfield code="D">s</marc:subfield><marc:subfield code="a">Finanzkrise</marc:subfield></marc:datafield><marc:datafield tag="689" ind1="0" ind2="2"><marc:subfield code="0">(DE-588)4679731-2</marc:subfield><marc:subfield code="D">t</marc:subfield><marc:subfield code="a">Basler Eigenkapitalvereinbarung</marc:subfield><marc:subfield code="9">g:2001</marc:subfield></marc:datafield><marc:datafield tag="689" ind1="0" ind2=" "><marc:subfield code="5">DE-604</marc:subfield></marc:datafield><marc:datafield tag="700" ind1="1" ind2=" "><marc:subfield code="a">May, Stefan</marc:subfield><marc:subfield code="0">(DE-588)110897471</marc:subfield></marc:datafield></marc:record>