
<marc:record><marc:leader>00544nam a2200145  a4500</marc:leader>
<marc:controlfield tag="001">BV037157042</marc:controlfield>
<marc:controlfield tag="005">00000000000000.0</marc:controlfield><marc:controlfield tag="008">110122nuuuuuuuu         |||| 00||| ger d</marc:controlfield><marc:datafield tag="035" ind1=" " ind2=" "><marc:subfield code="a">(DE-604)BVBBV037157042</marc:subfield></marc:datafield><marc:datafield tag="040" ind1=" " ind2=" "><marc:subfield code="a">DE-604</marc:subfield><marc:subfield code="e">rakwb</marc:subfield></marc:datafield><marc:datafield tag="100" ind1="1" ind2=" "><marc:subfield code="a">Spindler, Karl</marc:subfield><marc:subfield code="d">1796-1855</marc:subfield><marc:subfield code="0">(DE-588)119164043</marc:subfield></marc:datafield><marc:datafield tag="245" ind1="1" ind2="0"><marc:subfield code="a">Der Bastard</marc:subfield><marc:subfield code="b">eine deutsche Sittengeschichte aus dem Zeitalter Kaiser Rudolf des Zweiten</marc:subfield><marc:subfield code="c">von C. Spindler</marc:subfield></marc:datafield><marc:datafield tag="260" ind1=" " ind2=" "><marc:subfield code="a">Cannstadt</marc:subfield><marc:subfield code="b">Richter</marc:subfield></marc:datafield><marc:datafield tag="490" ind1="0" ind2=" "><marc:subfield code="a">C. Spindler's sämmtliche, bis Ende des Jahres 1830 erschienene Schriften</marc:subfield><marc:subfield code="v">...</marc:subfield></marc:datafield><marc:datafield tag="500" ind1=" " ind2=" "><marc:subfield code="a">In Fraktur</marc:subfield></marc:datafield></marc:record>