
<marc:record><marc:leader>00599nam a22001692  4500</marc:leader>
<marc:controlfield tag="001">BV037157043</marc:controlfield>
<marc:controlfield tag="005">20111222        </marc:controlfield><marc:controlfield tag="008">110122s1901       d|||  |||| 00||| rus d</marc:controlfield><marc:datafield tag="035" ind1=" " ind2=" "><marc:subfield code="a">(DE-604)BVBBV037157043</marc:subfield></marc:datafield><marc:datafield tag="040" ind1=" " ind2=" "><marc:subfield code="a">DE-604</marc:subfield><marc:subfield code="e">rakwb</marc:subfield></marc:datafield><marc:datafield tag="049" ind1=" " ind2=" "><marc:subfield code="a">HUBA1</marc:subfield></marc:datafield><marc:datafield tag="100" ind1="1" ind2=" "><marc:subfield code="a">Polenov, V. K.</marc:subfield><marc:subfield code="0">(DE-588)1018303669</marc:subfield></marc:datafield><marc:datafield tag="245" ind1="1" ind2="0"><marc:subfield code="a">K voprosu o patologo-anatomičeskich izměnenijach v organach pri ostrom i chroničeskom otravlenii kokainom</marc:subfield><marc:subfield code="b">ėksperimentalʹnoe izslědovanie</marc:subfield><marc:subfield code="c">V. K. Polénov</marc:subfield></marc:datafield><marc:datafield tag="260" ind1=" " ind2=" "><marc:subfield code="a">Kazań</marc:subfield><marc:subfield code="b">Ključnikov</marc:subfield><marc:subfield code="c">1901</marc:subfield></marc:datafield><marc:datafield tag="300" ind1=" " ind2=" "><marc:subfield code="a">305, II S.</marc:subfield><marc:subfield code="b">graph. Darst.</marc:subfield></marc:datafield><marc:datafield tag="500" ind1=" " ind2=" "><marc:subfield code="a">In kyrill. Schr.</marc:subfield></marc:datafield><marc:datafield tag="940" ind1="1" ind2=" "><marc:subfield code="q">HUB-ZB011201101</marc:subfield></marc:datafield></marc:record>