
<marc:record><marc:leader>00537nam a22001692  4500</marc:leader>
<marc:controlfield tag="001">BV037157045</marc:controlfield>
<marc:controlfield tag="005">20110808        </marc:controlfield><marc:controlfield tag="008">110122s1971       a|||  |||| 00||| rus d</marc:controlfield><marc:datafield tag="035" ind1=" " ind2=" "><marc:subfield code="a">(DE-601)GBV195387406</marc:subfield></marc:datafield><marc:datafield tag="040" ind1=" " ind2=" "><marc:subfield code="a">DE-604</marc:subfield></marc:datafield><marc:datafield tag="049" ind1=" " ind2=" "><marc:subfield code="a">HUBA1</marc:subfield></marc:datafield><marc:datafield tag="100" ind1="1" ind2=" "><marc:subfield code="a">Polenov, Andrej L.</marc:subfield><marc:subfield code="0">(DE-588)157797104</marc:subfield></marc:datafield><marc:datafield tag="245" ind1="1" ind2="0"><marc:subfield code="a">Gipotalamičeskaja nejrosekrecija</marc:subfield><marc:subfield code="c">A. L. Polenov. Akademija Nauk SSSR Moskau. Institut Citologii</marc:subfield></marc:datafield><marc:datafield tag="260" ind1=" " ind2=" "><marc:subfield code="a">Leningrad</marc:subfield><marc:subfield code="b">Izd. Nauka</marc:subfield><marc:subfield code="c">1971</marc:subfield></marc:datafield><marc:datafield tag="300" ind1=" " ind2=" "><marc:subfield code="a">158 S., 4 Bl.</marc:subfield><marc:subfield code="b">Ill.</marc:subfield></marc:datafield><marc:datafield tag="500" ind1=" " ind2=" "><marc:subfield code="a">Literaturverz. S. 128 - 157</marc:subfield></marc:datafield><marc:datafield tag="940" ind1="1" ind2=" "><marc:subfield code="q">HUB-ZB011201101</marc:subfield></marc:datafield></marc:record>