
<marc:record><marc:leader>00805nam a2200193  c4500</marc:leader>
<marc:controlfield tag="001">BV037157047</marc:controlfield>
<marc:controlfield tag="005">00000000000000.0</marc:controlfield><marc:controlfield tag="008">110122s1833             |||| 00||| ger d</marc:controlfield><marc:datafield tag="035" ind1=" " ind2=" "><marc:subfield code="a">(DE-604)BVBBV037157047</marc:subfield></marc:datafield><marc:datafield tag="035" ind1=" " ind2=" "><marc:subfield code="a">(OCoLC)706984770</marc:subfield></marc:datafield><marc:datafield tag="040" ind1=" " ind2=" "><marc:subfield code="a">DE-604</marc:subfield><marc:subfield code="e">rakwb</marc:subfield></marc:datafield><marc:datafield tag="049" ind1=" " ind2=" "><marc:subfield code="a">SBG01</marc:subfield></marc:datafield><marc:datafield tag="100" ind1="1" ind2=" "><marc:subfield code="a">Spindler, Karl</marc:subfield><marc:subfield code="d">1796-1855</marc:subfield><marc:subfield code="0">(DE-588)119164043</marc:subfield></marc:datafield><marc:datafield tag="245" ind1="1" ind2="0"><marc:subfield code="a">Der Bastard</marc:subfield><marc:subfield code="b">eine deutsche Sittengeschichte aus dem Zeitalter Kaiser Rudolf des Zweiten</marc:subfield><marc:subfield code="n">3</marc:subfield><marc:subfield code="p">Der Jüngling und sein Kampf mit dem Leben</marc:subfield><marc:subfield code="c">von C. Spindler</marc:subfield></marc:datafield><marc:datafield tag="260" ind1=" " ind2=" "><marc:subfield code="a">Cannstadt</marc:subfield><marc:subfield code="b">Richter</marc:subfield><marc:subfield code="c">1833</marc:subfield></marc:datafield><marc:datafield tag="300" ind1=" " ind2=" "><marc:subfield code="a">432 S.</marc:subfield></marc:datafield><marc:datafield tag="490" ind1="1" ind2=" "><marc:subfield code="a">C. Spindler's sämmtliche, bis Ende des Jahres 1830 erschienene Schriften</marc:subfield><marc:subfield code="v">32</marc:subfield></marc:datafield><marc:datafield tag="773" ind1="0" ind2="8"><marc:subfield code="w">(DE-604)BV037157042</marc:subfield><marc:subfield code="g">3</marc:subfield></marc:datafield><marc:datafield tag="830" ind1=" " ind2="0"><marc:subfield code="a">C. Spindler's sämmtliche, bis Ende des Jahres 1830 erschienene Schriften</marc:subfield><marc:subfield code="v">32</marc:subfield><marc:subfield code="w">(DE-604)BV037157042</marc:subfield></marc:datafield></marc:record>