
<marc:record><marc:leader>01540nam a2200397z  4500</marc:leader>
<marc:controlfield tag="001">BV037157051</marc:controlfield>
<marc:controlfield tag="005">20110310        </marc:controlfield><marc:controlfield tag="008">110122s2011    xxuad||  |||| 00||| eng d</marc:controlfield><marc:datafield tag="010" ind1=" " ind2=" "><marc:subfield code="a">2010025741</marc:subfield></marc:datafield><marc:datafield tag="020" ind1=" " ind2=" "><marc:subfield code="a">9781439816783</marc:subfield><marc:subfield code="c">hardcover : alk. paper</marc:subfield></marc:datafield><marc:datafield tag="035" ind1=" " ind2=" "><marc:subfield code="a">(DE-604)BVBBV037157051</marc:subfield></marc:datafield><marc:datafield tag="035" ind1=" " ind2=" "><marc:subfield code="a">(OCoLC)706984774</marc:subfield></marc:datafield><marc:datafield tag="040" ind1=" " ind2=" "><marc:subfield code="a">DE-604</marc:subfield><marc:subfield code="e">aacr</marc:subfield></marc:datafield><marc:datafield tag="044" ind1=" " ind2=" "><marc:subfield code="a">xxu</marc:subfield><marc:subfield code="c">US</marc:subfield></marc:datafield><marc:datafield tag="049" ind1=" " ind2=" "><marc:subfield code="a">UBR01</marc:subfield><marc:subfield code="a">TUM02</marc:subfield></marc:datafield><marc:datafield tag="050" ind1=" " ind2="0"><marc:subfield code="a">QH324.2</marc:subfield></marc:datafield><marc:datafield tag="082" ind1="0" ind2=" "><marc:subfield code="a">572.80285</marc:subfield></marc:datafield><marc:datafield tag="084" ind1=" " ind2=" "><marc:subfield code="a">BIO 110f</marc:subfield><marc:subfield code="2">stub</marc:subfield></marc:datafield><marc:datafield tag="084" ind1=" " ind2=" "><marc:subfield code="a">DAT 708f</marc:subfield><marc:subfield code="2">stub</marc:subfield></marc:datafield><marc:datafield tag="084" ind1=" " ind2=" "><marc:subfield code="a">MAT 627f</marc:subfield><marc:subfield code="2">stub</marc:subfield></marc:datafield><marc:datafield tag="084" ind1=" " ind2=" "><marc:subfield code="a">WC 7700</marc:subfield><marc:subfield code="2">rvk</marc:subfield></marc:datafield><marc:datafield tag="100" ind1="1" ind2=" "><marc:subfield code="a">MacCuish, John D.</marc:subfield><marc:subfield code="0">(DE-588)143170228</marc:subfield></marc:datafield><marc:datafield tag="245" ind1="1" ind2="0"><marc:subfield code="a">Clustering in bioinformatics and drug discovery</marc:subfield><marc:subfield code="c">John D. MacCuish ; Norah E. MacCuish</marc:subfield></marc:datafield><marc:datafield tag="260" ind1=" " ind2=" "><marc:subfield code="a">Boca Raton [u.a.]</marc:subfield><marc:subfield code="b">CRC Press</marc:subfield><marc:subfield code="c">2011</marc:subfield></marc:datafield><marc:datafield tag="300" ind1=" " ind2=" "><marc:subfield code="a">214 S.</marc:subfield><marc:subfield code="b">Ill., graph. Darst.</marc:subfield><marc:subfield code="e">1 DVD (12cm)</marc:subfield></marc:datafield><marc:datafield tag="490" ind1="0" ind2=" "><marc:subfield code="a">Chapman &amp; Hall/CRC mathematical and computational biology series</marc:subfield></marc:datafield><marc:datafield tag="500" ind1=" " ind2=" "><marc:subfield code="a">Includes bibliographical references and index</marc:subfield></marc:datafield><marc:datafield tag="650" ind1="0" ind2="7"><marc:subfield code="a">Arzneimittelentwicklung</marc:subfield><marc:subfield code="0">(DE-588)4143176-5</marc:subfield><marc:subfield code="2">gnd</marc:subfield></marc:datafield><marc:datafield tag="650" ind1="0" ind2="7"><marc:subfield code="a">Bioinformatik</marc:subfield><marc:subfield code="0">(DE-588)4611085-9</marc:subfield><marc:subfield code="2">gnd</marc:subfield></marc:datafield><marc:datafield tag="650" ind1="0" ind2="7"><marc:subfield code="a">Cluster-Analyse</marc:subfield><marc:subfield code="0">(DE-588)4070044-6</marc:subfield><marc:subfield code="2">gnd</marc:subfield></marc:datafield><marc:datafield tag="689" ind1="0" ind2="0"><marc:subfield code="0">(DE-588)4143176-5</marc:subfield><marc:subfield code="D">s</marc:subfield><marc:subfield code="a">Arzneimittelentwicklung</marc:subfield></marc:datafield><marc:datafield tag="689" ind1="0" ind2="1"><marc:subfield code="0">(DE-588)4611085-9</marc:subfield><marc:subfield code="D">s</marc:subfield><marc:subfield code="a">Bioinformatik</marc:subfield></marc:datafield><marc:datafield tag="689" ind1="0" ind2="2"><marc:subfield code="0">(DE-588)4070044-6</marc:subfield><marc:subfield code="D">s</marc:subfield><marc:subfield code="a">Cluster-Analyse</marc:subfield></marc:datafield><marc:datafield tag="689" ind1="0" ind2=" "><marc:subfield code="5">DE-604</marc:subfield></marc:datafield><marc:datafield tag="700" ind1="1" ind2=" "><marc:subfield code="a">MacCuish, Norah E.</marc:subfield><marc:subfield code="0">(DE-588)143170554</marc:subfield></marc:datafield><marc:datafield tag="856" ind1="4" ind2=" "><marc:subfield code="u">http://bvbr.bib-bvb.de:8991/F?func=service&amp;doc_library=BVB01&amp;doc_number=021071715&amp;line_number=0001&amp;func_code=DB_RECORDS&amp;service_type=MEDIA</marc:subfield><marc:subfield code="z">Inhaltsverzeichnis</marc:subfield></marc:datafield></marc:record>