
<marc:record><marc:leader>00584nam a22001932  4500</marc:leader>
<marc:controlfield tag="001">BV037157055</marc:controlfield>
<marc:controlfield tag="005">20110329        </marc:controlfield><marc:controlfield tag="008">110122s1968             |||| 00||| ger d</marc:controlfield><marc:datafield tag="035" ind1=" " ind2=" "><marc:subfield code="a">(DE-601)GBV221436669</marc:subfield></marc:datafield><marc:datafield tag="040" ind1=" " ind2=" "><marc:subfield code="a">DE-604</marc:subfield><marc:subfield code="e">rakddb</marc:subfield></marc:datafield><marc:datafield tag="049" ind1=" " ind2=" "><marc:subfield code="a">HUBA1</marc:subfield></marc:datafield><marc:datafield tag="100" ind1="1" ind2=" "><marc:subfield code="a">Polevoj, Boris</marc:subfield><marc:subfield code="0">(DE-588)16046028X</marc:subfield></marc:datafield><marc:datafield tag="245" ind1="1" ind2="0"><marc:subfield code="a">Doktor Vera</marc:subfield><marc:subfield code="b">Roman</marc:subfield><marc:subfield code="c">Boris Polewoi. Aus d. Russ. von Arno Specht</marc:subfield></marc:datafield><marc:datafield tag="250" ind1=" " ind2=" "><marc:subfield code="a">2. Aufl.</marc:subfield></marc:datafield><marc:datafield tag="260" ind1=" " ind2=" "><marc:subfield code="a">Berlin</marc:subfield><marc:subfield code="b">Verl. Kultur u. Fortschritt VEB</marc:subfield><marc:subfield code="c">1968</marc:subfield></marc:datafield><marc:datafield tag="300" ind1=" " ind2=" "><marc:subfield code="a">366 S.</marc:subfield></marc:datafield><marc:datafield tag="700" ind1="1" ind2=" "><marc:subfield code="a">Specht, Arno</marc:subfield><marc:subfield code="e">Übers.</marc:subfield><marc:subfield code="0">(DE-588)104569786</marc:subfield></marc:datafield><marc:datafield tag="730" ind1="0" ind2=" "><marc:subfield code="a">Doktor Vera</marc:subfield><marc:subfield code="l">dt.</marc:subfield></marc:datafield><marc:datafield tag="940" ind1="1" ind2=" "><marc:subfield code="q">HUB-ZB011201101</marc:subfield></marc:datafield></marc:record>