
<marc:record><marc:leader>00435nam a22001452  4500</marc:leader>
<marc:controlfield tag="001">BV037157057</marc:controlfield>
<marc:controlfield tag="005">20110729        </marc:controlfield><marc:controlfield tag="008">110122s1928             |||| 00||| ger d</marc:controlfield><marc:datafield tag="035" ind1=" " ind2=" "><marc:subfield code="a">(DE-603)HEB186565704</marc:subfield></marc:datafield><marc:datafield tag="040" ind1=" " ind2=" "><marc:subfield code="a">DE-604</marc:subfield><marc:subfield code="e">rak</marc:subfield></marc:datafield><marc:datafield tag="049" ind1=" " ind2=" "><marc:subfield code="a">HUBA1</marc:subfield></marc:datafield><marc:datafield tag="245" ind1="1" ind2="0"><marc:subfield code="a">Polen und Litauen von der Dezemberresolution des Völkerbundsrates bis September 1928</marc:subfield></marc:datafield><marc:datafield tag="260" ind1=" " ind2=" "><marc:subfield code="a">Danzig</marc:subfield><marc:subfield code="b">Danziger Zeitungsverlags-Ges.</marc:subfield><marc:subfield code="c">1928</marc:subfield></marc:datafield><marc:datafield tag="300" ind1=" " ind2=" "><marc:subfield code="a">16 S.</marc:subfield></marc:datafield><marc:datafield tag="940" ind1="1" ind2=" "><marc:subfield code="q">HUB-ZB011201101</marc:subfield></marc:datafield></marc:record>