
<marc:record><marc:leader>00589nam a22001932 b4500</marc:leader>
<marc:controlfield tag="001">BV037157058</marc:controlfield>
<marc:controlfield tag="005">20110329        </marc:controlfield><marc:controlfield tag="008">110122s1949             |||| 00||| rus d</marc:controlfield><marc:datafield tag="035" ind1=" " ind2=" "><marc:subfield code="a">(AT-OBV)OBVAC07745444</marc:subfield></marc:datafield><marc:datafield tag="040" ind1=" " ind2=" "><marc:subfield code="a">DE-604</marc:subfield><marc:subfield code="e">rakwb</marc:subfield></marc:datafield><marc:datafield tag="049" ind1=" " ind2=" "><marc:subfield code="a">HUBA1</marc:subfield></marc:datafield><marc:datafield tag="100" ind1="1" ind2=" "><marc:subfield code="a">Polevoj, Boris N.</marc:subfield><marc:subfield code="d">1908-1981</marc:subfield><marc:subfield code="0">(DE-588)118595458</marc:subfield></marc:datafield><marc:datafield tag="245" ind1="1" ind2="0"><marc:subfield code="a">Vernulsja</marc:subfield><marc:subfield code="b">povestʹ</marc:subfield><marc:subfield code="c">Boris Polevoj</marc:subfield></marc:datafield><marc:datafield tag="260" ind1=" " ind2=" "><marc:subfield code="a">Moskva</marc:subfield><marc:subfield code="b">Izd-vo &quot;Pravda&quot;</marc:subfield><marc:subfield code="c">1949</marc:subfield></marc:datafield><marc:datafield tag="300" ind1=" " ind2=" "><marc:subfield code="a">52 S.</marc:subfield></marc:datafield><marc:datafield tag="490" ind1="1" ind2=" "><marc:subfield code="a">Ogonek / Biblioteka Ogonek </marc:subfield><marc:subfield code="v">1949,27</marc:subfield></marc:datafield><marc:datafield tag="500" ind1=" " ind2=" "><marc:subfield code="a">In kyrill. Schr.</marc:subfield></marc:datafield><marc:datafield tag="830" ind1=" " ind2="0"><marc:subfield code="a">Ogonek </marc:subfield><marc:subfield code="p">Biblioteka</marc:subfield><marc:subfield code="v">1949,27</marc:subfield><marc:subfield code="w">(DE-604)BV013067280</marc:subfield></marc:datafield><marc:datafield tag="940" ind1="1" ind2=" "><marc:subfield code="q">HUB-ZB011201101</marc:subfield></marc:datafield></marc:record>