
<marc:record><marc:leader>00660nam a2200193  c4500</marc:leader>
<marc:controlfield tag="001">BV037157061</marc:controlfield>
<marc:controlfield tag="005">00000000000000.0</marc:controlfield><marc:controlfield tag="008">110122s1838       a|||  |||| 00||| ger d</marc:controlfield><marc:datafield tag="035" ind1=" " ind2=" "><marc:subfield code="a">(DE-604)BVBBV037157061</marc:subfield></marc:datafield><marc:datafield tag="035" ind1=" " ind2=" "><marc:subfield code="a">(OCoLC)165800500</marc:subfield></marc:datafield><marc:datafield tag="040" ind1=" " ind2=" "><marc:subfield code="a">DE-604</marc:subfield><marc:subfield code="e">rakwb</marc:subfield></marc:datafield><marc:datafield tag="049" ind1=" " ind2=" "><marc:subfield code="a">SBG01</marc:subfield></marc:datafield><marc:datafield tag="100" ind1="1" ind2=" "><marc:subfield code="a">Spindler, Karl</marc:subfield><marc:subfield code="d">1796-1855</marc:subfield><marc:subfield code="0">(DE-588)119164043</marc:subfield></marc:datafield><marc:datafield tag="245" ind1="1" ind2="0"><marc:subfield code="a">Der Jude</marc:subfield><marc:subfield code="b">deutsches Sittengemälde aus der ersten Hälfte des fünfzehnten Jahrhunderts</marc:subfield><marc:subfield code="n">1</marc:subfield><marc:subfield code="c">von C. Spindler</marc:subfield></marc:datafield><marc:datafield tag="260" ind1=" " ind2=" "><marc:subfield code="a">Stuttgart</marc:subfield><marc:subfield code="b">Müller</marc:subfield><marc:subfield code="c">1838</marc:subfield></marc:datafield><marc:datafield tag="300" ind1=" " ind2=" "><marc:subfield code="a">356 S.</marc:subfield><marc:subfield code="b">Ill.</marc:subfield></marc:datafield><marc:datafield tag="490" ind1="0" ind2=" "><marc:subfield code="a">C. Spindler's ausgewählte Schriften</marc:subfield></marc:datafield><marc:datafield tag="490" ind1="0" ind2=" "><marc:subfield code="a">C. Spindler's ausgewählte Schriften</marc:subfield></marc:datafield><marc:datafield tag="773" ind1="0" ind2="8"><marc:subfield code="w">(DE-604)BV037157060</marc:subfield><marc:subfield code="g">1</marc:subfield></marc:datafield></marc:record>