
<marc:record><marc:leader>01406nam a2200361z  4500</marc:leader>
<marc:controlfield tag="001">BV037157072</marc:controlfield>
<marc:controlfield tag="005">20110303        </marc:controlfield><marc:controlfield tag="008">110122s2010    xxua|||  |||| 00||| eng d</marc:controlfield><marc:datafield tag="010" ind1=" " ind2=" "><marc:subfield code="a">2009022705</marc:subfield></marc:datafield><marc:datafield tag="015" ind1=" " ind2=" "><marc:subfield code="a">GBA979495</marc:subfield><marc:subfield code="2">dnb</marc:subfield></marc:datafield><marc:datafield tag="020" ind1=" " ind2=" "><marc:subfield code="a">1416046917</marc:subfield><marc:subfield code="c">hardcover : alk. paper</marc:subfield></marc:datafield><marc:datafield tag="020" ind1=" " ind2=" "><marc:subfield code="a">9781416046912</marc:subfield><marc:subfield code="c">hardcover : alk. paper</marc:subfield></marc:datafield><marc:datafield tag="035" ind1=" " ind2=" "><marc:subfield code="a">(DE-604)BVBBV037157072</marc:subfield></marc:datafield><marc:datafield tag="035" ind1=" " ind2=" "><marc:subfield code="a">(OCoLC)706984781</marc:subfield></marc:datafield><marc:datafield tag="040" ind1=" " ind2=" "><marc:subfield code="a">DE-604</marc:subfield><marc:subfield code="e">aacr</marc:subfield></marc:datafield><marc:datafield tag="044" ind1=" " ind2=" "><marc:subfield code="a">xxu</marc:subfield><marc:subfield code="c">US</marc:subfield></marc:datafield><marc:datafield tag="049" ind1=" " ind2=" "><marc:subfield code="a">UBR01</marc:subfield></marc:datafield><marc:datafield tag="050" ind1=" " ind2="0"><marc:subfield code="a">RD667.5</marc:subfield></marc:datafield><marc:datafield tag="082" ind1="0" ind2=" "><marc:subfield code="a">618.1/9059</marc:subfield></marc:datafield><marc:datafield tag="084" ind1=" " ind2=" "><marc:subfield code="a">YI 7111</marc:subfield><marc:subfield code="2">rvk</marc:subfield></marc:datafield><marc:datafield tag="245" ind1="1" ind2="0"><marc:subfield code="a">Atlas of breast surgical techniques</marc:subfield><marc:subfield code="b">a volume in the surgical techniques atlas series ; [searchable full text online ; companion website with video]</marc:subfield><marc:subfield code="c">ed.: V. Suzanne Klimberg</marc:subfield></marc:datafield><marc:datafield tag="250" ind1=" " ind2=" "><marc:subfield code="a">1. ed.</marc:subfield></marc:datafield><marc:datafield tag="260" ind1=" " ind2=" "><marc:subfield code="a">Philadelphia, Pa.</marc:subfield><marc:subfield code="b">Saunders, Elsevier</marc:subfield><marc:subfield code="c">2010</marc:subfield></marc:datafield><marc:datafield tag="300" ind1=" " ind2=" "><marc:subfield code="a">XIV, 440 S.</marc:subfield><marc:subfield code="b">zahlr. Ill.</marc:subfield></marc:datafield><marc:datafield tag="490" ind1="0" ind2=" "><marc:subfield code="a">Surgical techniques atlas series</marc:subfield></marc:datafield><marc:datafield tag="500" ind1=" " ind2=" "><marc:subfield code="a">Includes bibliographical references and index</marc:subfield></marc:datafield><marc:datafield tag="650" ind1="0" ind2="7"><marc:subfield code="a">Mamma</marc:subfield><marc:subfield code="0">(DE-588)4008524-7</marc:subfield><marc:subfield code="2">gnd</marc:subfield></marc:datafield><marc:datafield tag="650" ind1="0" ind2="7"><marc:subfield code="a">Operationstechnik</marc:subfield><marc:subfield code="0">(DE-588)4215428-5</marc:subfield><marc:subfield code="2">gnd</marc:subfield></marc:datafield><marc:datafield tag="689" ind1="0" ind2="0"><marc:subfield code="0">(DE-588)4008524-7</marc:subfield><marc:subfield code="D">s</marc:subfield><marc:subfield code="a">Mamma</marc:subfield></marc:datafield><marc:datafield tag="689" ind1="0" ind2="1"><marc:subfield code="0">(DE-588)4215428-5</marc:subfield><marc:subfield code="D">s</marc:subfield><marc:subfield code="a">Operationstechnik</marc:subfield></marc:datafield><marc:datafield tag="689" ind1="0" ind2=" "><marc:subfield code="5">DE-604</marc:subfield></marc:datafield><marc:datafield tag="700" ind1="1" ind2=" "><marc:subfield code="a">Klimberg, V. Suzanne</marc:subfield><marc:subfield code="0">(DE-588)138614059</marc:subfield></marc:datafield><marc:datafield tag="856" ind1="4" ind2=" "><marc:subfield code="u">http://bvbr.bib-bvb.de:8991/F?func=service&amp;doc_library=BVB01&amp;doc_number=021071734&amp;line_number=0001&amp;func_code=DB_RECORDS&amp;service_type=MEDIA</marc:subfield><marc:subfield code="z">Inhaltsverzeichnis</marc:subfield></marc:datafield></marc:record>