
<marc:record><marc:leader>00547nam a22001692  4500</marc:leader>
<marc:controlfield tag="001">BV037157078</marc:controlfield>
<marc:controlfield tag="005">20111114        </marc:controlfield><marc:controlfield tag="008">110122s1952             |||| 00||| eng d</marc:controlfield><marc:datafield tag="035" ind1=" " ind2=" "><marc:subfield code="a">(DE-601)GBV359297315</marc:subfield></marc:datafield><marc:datafield tag="040" ind1=" " ind2=" "><marc:subfield code="a">DE-604</marc:subfield></marc:datafield><marc:datafield tag="049" ind1=" " ind2=" "><marc:subfield code="a">HUBA1</marc:subfield><marc:subfield code="a">FUBA1</marc:subfield></marc:datafield><marc:datafield tag="084" ind1=" " ind2=" "><marc:subfield code="a">XI 5978</marc:subfield><marc:subfield code="2">rvk</marc:subfield></marc:datafield><marc:datafield tag="100" ind1="1" ind2=" "><marc:subfield code="a">Polano, Machiel Karel</marc:subfield><marc:subfield code="0">(DE-588)157797090</marc:subfield></marc:datafield><marc:datafield tag="245" ind1="1" ind2="0"><marc:subfield code="a">Skin therapeutics</marc:subfield><marc:subfield code="b">prescription and preparation ; (materia medica dermatologica)</marc:subfield><marc:subfield code="c">by M. K. Polano</marc:subfield></marc:datafield><marc:datafield tag="260" ind1=" " ind2=" "><marc:subfield code="a">Amsterdam [u.a.]</marc:subfield><marc:subfield code="b">Elsevier Publishing Comp.</marc:subfield><marc:subfield code="c">1952</marc:subfield></marc:datafield><marc:datafield tag="300" ind1=" " ind2=" "><marc:subfield code="a">XIV, 276 S.</marc:subfield></marc:datafield><marc:datafield tag="940" ind1="1" ind2=" "><marc:subfield code="q">HUB-ZB011201101</marc:subfield></marc:datafield></marc:record>