
<marc:record><marc:leader>01446nam a2200373z  4500</marc:leader>
<marc:controlfield tag="001">BV037157079</marc:controlfield>
<marc:controlfield tag="005">20110309        </marc:controlfield><marc:controlfield tag="008">110122s2011    xxuad||  |||| 00||| eng d</marc:controlfield><marc:datafield tag="010" ind1=" " ind2=" "><marc:subfield code="a">2010025303</marc:subfield></marc:datafield><marc:datafield tag="020" ind1=" " ind2=" "><marc:subfield code="a">9780781795593</marc:subfield><marc:subfield code="c">alk. paper</marc:subfield></marc:datafield><marc:datafield tag="035" ind1=" " ind2=" "><marc:subfield code="a">(DE-604)BVBBV037157079</marc:subfield></marc:datafield><marc:datafield tag="035" ind1=" " ind2=" "><marc:subfield code="a">(OCoLC)706984784</marc:subfield></marc:datafield><marc:datafield tag="040" ind1=" " ind2=" "><marc:subfield code="a">DE-604</marc:subfield><marc:subfield code="e">aacr</marc:subfield></marc:datafield><marc:datafield tag="044" ind1=" " ind2=" "><marc:subfield code="a">xxu</marc:subfield><marc:subfield code="c">US</marc:subfield></marc:datafield><marc:datafield tag="049" ind1=" " ind2=" "><marc:subfield code="a">UBR01</marc:subfield></marc:datafield><marc:datafield tag="050" ind1=" " ind2="0"><marc:subfield code="a">RC280.S66</marc:subfield></marc:datafield><marc:datafield tag="082" ind1="0" ind2=" "><marc:subfield code="a">616.99/4</marc:subfield></marc:datafield><marc:datafield tag="084" ind1=" " ind2=" "><marc:subfield code="a">XG 9411</marc:subfield><marc:subfield code="2">rvk</marc:subfield></marc:datafield><marc:datafield tag="084" ind1=" " ind2=" "><marc:subfield code="a">XH 9211</marc:subfield><marc:subfield code="2">rvk</marc:subfield></marc:datafield><marc:datafield tag="100" ind1="1" ind2=" "><marc:subfield code="a">Fisher, Cyril</marc:subfield><marc:subfield code="0">(DE-588)142863114</marc:subfield></marc:datafield><marc:datafield tag="245" ind1="1" ind2="0"><marc:subfield code="a">Biopsy interpretation of soft tissue tumors</marc:subfield><marc:subfield code="b">[access to online image bank with quiz mode included]</marc:subfield><marc:subfield code="c">Cyril Fisher ; Elizabeth A. Montgomery ; Khin Thway</marc:subfield></marc:datafield><marc:datafield tag="250" ind1=" " ind2=" "><marc:subfield code="a">1. ed.</marc:subfield></marc:datafield><marc:datafield tag="260" ind1=" " ind2=" "><marc:subfield code="a">Philadelphia, Pa. [u.a.]</marc:subfield><marc:subfield code="b">Lippincott, Williams &amp; Wilkins</marc:subfield><marc:subfield code="c">2011</marc:subfield></marc:datafield><marc:datafield tag="300" ind1=" " ind2=" "><marc:subfield code="a">VII, 562 S.</marc:subfield><marc:subfield code="b">zahlr. Ill., graph. Darst.</marc:subfield></marc:datafield><marc:datafield tag="490" ind1="0" ind2=" "><marc:subfield code="a">Biopsy interpretation series</marc:subfield></marc:datafield><marc:datafield tag="500" ind1=" " ind2=" "><marc:subfield code="a">Includes bibliographical references and index</marc:subfield></marc:datafield><marc:datafield tag="650" ind1="0" ind2="7"><marc:subfield code="a">Biopsie</marc:subfield><marc:subfield code="0">(DE-588)4006894-8</marc:subfield><marc:subfield code="2">gnd</marc:subfield></marc:datafield><marc:datafield tag="650" ind1="0" ind2="7"><marc:subfield code="a">Weichteiltumor</marc:subfield><marc:subfield code="0">(DE-588)4189416-9</marc:subfield><marc:subfield code="2">gnd</marc:subfield></marc:datafield><marc:datafield tag="689" ind1="0" ind2="0"><marc:subfield code="0">(DE-588)4189416-9</marc:subfield><marc:subfield code="D">s</marc:subfield><marc:subfield code="a">Weichteiltumor</marc:subfield></marc:datafield><marc:datafield tag="689" ind1="0" ind2="1"><marc:subfield code="0">(DE-588)4006894-8</marc:subfield><marc:subfield code="D">s</marc:subfield><marc:subfield code="a">Biopsie</marc:subfield></marc:datafield><marc:datafield tag="689" ind1="0" ind2=" "><marc:subfield code="5">DE-604</marc:subfield></marc:datafield><marc:datafield tag="700" ind1="1" ind2=" "><marc:subfield code="a">Montgomery, Elizabeth A.</marc:subfield><marc:subfield code="0">(DE-588)157406601</marc:subfield></marc:datafield><marc:datafield tag="700" ind1="1" ind2=" "><marc:subfield code="a">Thway, Khin</marc:subfield><marc:subfield code="0">(DE-588)143146602</marc:subfield></marc:datafield><marc:datafield tag="856" ind1="4" ind2=" "><marc:subfield code="u">http://bvbr.bib-bvb.de:8991/F?func=service&amp;doc_library=BVB01&amp;doc_number=021071741&amp;line_number=0001&amp;func_code=DB_RECORDS&amp;service_type=MEDIA</marc:subfield><marc:subfield code="z">Inhaltsverzeichnis</marc:subfield></marc:datafield></marc:record>