
<marc:record><marc:leader>00712nam a22001812 b4500</marc:leader>
<marc:controlfield tag="001">BV037157081</marc:controlfield>
<marc:controlfield tag="005">00000000000000.0</marc:controlfield><marc:controlfield tag="008">110122s1955             |||| 00||| eng d</marc:controlfield><marc:datafield tag="035" ind1=" " ind2=" "><marc:subfield code="a">(DE-576)BSZ278138071</marc:subfield></marc:datafield><marc:datafield tag="040" ind1=" " ind2=" "><marc:subfield code="a">DE-604</marc:subfield></marc:datafield><marc:datafield tag="049" ind1=" " ind2=" "><marc:subfield code="a">HUBA1</marc:subfield></marc:datafield><marc:datafield tag="100" ind1="1" ind2=" "><marc:subfield code="a">Poldervaart, Arie</marc:subfield><marc:subfield code="0">(DE-588)102582432</marc:subfield></marc:datafield><marc:datafield tag="245" ind1="1" ind2="0"><marc:subfield code="a">Manual for effective New Mexico legal research</marc:subfield><marc:subfield code="c">Arie Poldervaart</marc:subfield></marc:datafield><marc:datafield tag="260" ind1=" " ind2=" "><marc:subfield code="a">Albuquerque</marc:subfield><marc:subfield code="b">Univ. of New Mexico Press</marc:subfield><marc:subfield code="c">1955</marc:subfield></marc:datafield><marc:datafield tag="300" ind1=" " ind2=" "><marc:subfield code="a">135 S.</marc:subfield></marc:datafield><marc:datafield tag="490" ind1="1" ind2=" "><marc:subfield code="a">University of New Mexico publications in social sciences and philosophy </marc:subfield><marc:subfield code="v">2</marc:subfield></marc:datafield><marc:datafield tag="810" ind1="2" ind2=" "><marc:subfield code="a">University of New Mexico &lt;Albuquerque, NM&gt;</marc:subfield><marc:subfield code="t">University of New Mexico publications in social sciences and philosophy</marc:subfield><marc:subfield code="v">2</marc:subfield><marc:subfield code="w">(DE-604)BV036790204</marc:subfield></marc:datafield><marc:datafield tag="940" ind1="1" ind2=" "><marc:subfield code="q">HUB-ZB011201101</marc:subfield></marc:datafield></marc:record>