
<marc:record><marc:leader>00917nam a22002052 b4500</marc:leader>
<marc:controlfield tag="001">BV037157086</marc:controlfield>
<marc:controlfield tag="005">20110329        </marc:controlfield><marc:controlfield tag="008">110122s1957             |||| 00||| spa d</marc:controlfield><marc:datafield tag="035" ind1=" " ind2=" "><marc:subfield code="a">(DE-604)BVBBV037157086</marc:subfield></marc:datafield><marc:datafield tag="040" ind1=" " ind2=" "><marc:subfield code="a">DE-604</marc:subfield><marc:subfield code="e">rakwb</marc:subfield></marc:datafield><marc:datafield tag="041" ind1="0" ind2=" "><marc:subfield code="a">spa</marc:subfield><marc:subfield code="a">eng</marc:subfield></marc:datafield><marc:datafield tag="049" ind1=" " ind2=" "><marc:subfield code="a">HUBA1</marc:subfield></marc:datafield><marc:datafield tag="100" ind1="1" ind2=" "><marc:subfield code="a">Poljansʹkyj, Jurij I.</marc:subfield><marc:subfield code="d">1892-1975</marc:subfield><marc:subfield code="0">(DE-588)1016506813</marc:subfield></marc:datafield><marc:datafield tag="245" ind1="1" ind2="0"><marc:subfield code="a">Prolegómeno a la estratigrafía y tectónica del Terciario de la Depresión Intermontánea del Alto Tunuyán (Provincia de Mendoza)</marc:subfield><marc:subfield code="c">Jorge Polanski</marc:subfield></marc:datafield><marc:datafield tag="260" ind1=" " ind2=" "><marc:subfield code="a">Buenos Aires</marc:subfield><marc:subfield code="b">Univ.</marc:subfield><marc:subfield code="c">1957</marc:subfield></marc:datafield><marc:datafield tag="300" ind1=" " ind2=" "><marc:subfield code="a">S. 96 - 138</marc:subfield></marc:datafield><marc:datafield tag="490" ind1="1" ind2=" "><marc:subfield code="a">Contribuciones científicas / Universidad de Buenos Aires, Facultad de Ciencias Exactas y Naturales : Serie geología </marc:subfield><marc:subfield code="v">1,2</marc:subfield></marc:datafield><marc:datafield tag="500" ind1=" " ind2=" "><marc:subfield code="a">Mit engl. Summary</marc:subfield></marc:datafield><marc:datafield tag="810" ind1="2" ind2=" "><marc:subfield code="a">Universidad &lt;Buenos Aires&gt; </marc:subfield><marc:subfield code="p">Facultad de Ciencias Exactas y Naturales</marc:subfield><marc:subfield code="t">Contribuciones científicas / Serie geologia</marc:subfield><marc:subfield code="v">1,2</marc:subfield><marc:subfield code="w">(DE-604)BV036695030</marc:subfield></marc:datafield><marc:datafield tag="940" ind1="1" ind2=" "><marc:subfield code="q">HUB-ZB011201101</marc:subfield></marc:datafield></marc:record>