
<marc:record><marc:leader>00577nam a2200193   4500</marc:leader>
<marc:controlfield tag="001">BV037157087</marc:controlfield>
<marc:controlfield tag="005">20120224        </marc:controlfield><marc:controlfield tag="008">110122s2013             |||| 00||| eng d</marc:controlfield><marc:datafield tag="020" ind1=" " ind2=" "><marc:subfield code="a">0781784670</marc:subfield></marc:datafield><marc:datafield tag="020" ind1=" " ind2=" "><marc:subfield code="a">9780781784672</marc:subfield></marc:datafield><marc:datafield tag="035" ind1=" " ind2=" "><marc:subfield code="a">(DE-604)BVBBV037157087</marc:subfield></marc:datafield><marc:datafield tag="035" ind1=" " ind2=" "><marc:subfield code="a">(OCoLC)706984788</marc:subfield></marc:datafield><marc:datafield tag="040" ind1=" " ind2=" "><marc:subfield code="a">DE-604</marc:subfield><marc:subfield code="e">rakwb</marc:subfield></marc:datafield><marc:datafield tag="049" ind1=" " ind2=" "><marc:subfield code="a">UBR01</marc:subfield></marc:datafield><marc:datafield tag="100" ind1="1" ind2=" "><marc:subfield code="a">Suster, Saul</marc:subfield><marc:subfield code="0">(DE-588)14136954X</marc:subfield></marc:datafield><marc:datafield tag="245" ind1="1" ind2="0"><marc:subfield code="a">Biopsy interpretation of the lung</marc:subfield><marc:subfield code="c">Saul Suster</marc:subfield></marc:datafield><marc:datafield tag="260" ind1=" " ind2=" "><marc:subfield code="a">Philadelphia</marc:subfield><marc:subfield code="b">Lippincott Williams &amp; Wilkins</marc:subfield><marc:subfield code="c">2013</marc:subfield></marc:datafield><marc:datafield tag="490" ind1="0" ind2=" "><marc:subfield code="a">Biopsy interpretation series</marc:subfield></marc:datafield><marc:datafield tag="500" ind1=" " ind2=" "><marc:subfield code="a">Erscheint: Frühjahr 2013</marc:subfield></marc:datafield></marc:record>