
<marc:record><marc:leader>00379nam a22001332 a4500</marc:leader>
<marc:controlfield tag="001">BV037157089</marc:controlfield>
<marc:controlfield tag="005">20111222        </marc:controlfield><marc:controlfield tag="008">110122nuuuuuuuu         |||| 00||| und d</marc:controlfield><marc:datafield tag="035" ind1=" " ind2=" "><marc:subfield code="a">(DE-604)BVBBV037157089</marc:subfield></marc:datafield><marc:datafield tag="040" ind1=" " ind2=" "><marc:subfield code="a">DE-604</marc:subfield><marc:subfield code="e">rakwb</marc:subfield></marc:datafield><marc:datafield tag="100" ind1="1" ind2=" "><marc:subfield code="a">Põld, H.</marc:subfield><marc:subfield code="0">(DE-588)1018296085</marc:subfield></marc:datafield><marc:datafield tag="245" ind1="1" ind2="0"><marc:subfield code="a">Eesti keeleôpetus koolidele</marc:subfield><marc:subfield code="c">toimetanud H. Põld</marc:subfield></marc:datafield><marc:datafield tag="260" ind1=" " ind2=" "><marc:subfield code="a">Tallinnas</marc:subfield><marc:subfield code="b">Pihlak</marc:subfield></marc:datafield><marc:datafield tag="940" ind1="1" ind2=" "><marc:subfield code="q">HUB-ZB011201101</marc:subfield></marc:datafield></marc:record>