
<marc:record><marc:leader>00451nam a22001572 c4500</marc:leader>
<marc:controlfield tag="001">BV037157090</marc:controlfield>
<marc:controlfield tag="005">00000000000000.0</marc:controlfield><marc:controlfield tag="008">110122s1914             |||| 00||| est d</marc:controlfield><marc:datafield tag="035" ind1=" " ind2=" "><marc:subfield code="a">(DE-604)BVBBV037157090</marc:subfield></marc:datafield><marc:datafield tag="040" ind1=" " ind2=" "><marc:subfield code="a">DE-604</marc:subfield><marc:subfield code="e">rakwb</marc:subfield></marc:datafield><marc:datafield tag="049" ind1=" " ind2=" "><marc:subfield code="a">HUBA1</marc:subfield></marc:datafield><marc:datafield tag="100" ind1="1" ind2=" "><marc:subfield code="a">Põld, H.</marc:subfield><marc:subfield code="0">(DE-588)1018296085</marc:subfield></marc:datafield><marc:datafield tag="245" ind1="1" ind2="0"><marc:subfield code="a">Eesti keeleôpetus koolidele</marc:subfield><marc:subfield code="n">1</marc:subfield><marc:subfield code="c">toimetanud H. Põld</marc:subfield></marc:datafield><marc:datafield tag="260" ind1=" " ind2=" "><marc:subfield code="a">Tallinnas</marc:subfield><marc:subfield code="b">Pihlak</marc:subfield><marc:subfield code="c">(1914)</marc:subfield></marc:datafield><marc:datafield tag="773" ind1="0" ind2="8"><marc:subfield code="w">(DE-604)BV037157089</marc:subfield><marc:subfield code="g">1</marc:subfield></marc:datafield><marc:datafield tag="940" ind1="1" ind2=" "><marc:subfield code="q">HUB-ZB011201101</marc:subfield></marc:datafield></marc:record>