
<marc:record><marc:leader>01015nam a22002412 b4500</marc:leader>
<marc:controlfield tag="001">BV037157091</marc:controlfield>
<marc:controlfield tag="005">20110329        </marc:controlfield><marc:controlfield tag="008">110122s1961             |||| 00||| pol d</marc:controlfield><marc:datafield tag="035" ind1=" " ind2=" "><marc:subfield code="a">(DE-604)BVBBV037157091</marc:subfield></marc:datafield><marc:datafield tag="040" ind1=" " ind2=" "><marc:subfield code="a">DE-604</marc:subfield><marc:subfield code="e">rakwb</marc:subfield></marc:datafield><marc:datafield tag="041" ind1="0" ind2=" "><marc:subfield code="a">pol</marc:subfield><marc:subfield code="a">lat</marc:subfield><marc:subfield code="a">rus</marc:subfield><marc:subfield code="a">fre</marc:subfield><marc:subfield code="a">eng</marc:subfield></marc:datafield><marc:datafield tag="049" ind1=" " ind2=" "><marc:subfield code="a">HUBA1</marc:subfield><marc:subfield code="a">FUBA1</marc:subfield></marc:datafield><marc:datafield tag="100" ind1="1" ind2=" "><marc:subfield code="a">Polan-Haraschin, Julian</marc:subfield><marc:subfield code="0">(DE-588)158780949</marc:subfield></marc:datafield><marc:datafield tag="245" ind1="1" ind2="0"><marc:subfield code="a">Organizacja sadownictwa i prokuratury w Wojsku polskim</marc:subfield><marc:subfield code="b">= De iudicum accusatorumque publicorum instituta in exercitu Polono</marc:subfield><marc:subfield code="c">Julian Polan-Haraschin</marc:subfield></marc:datafield><marc:datafield tag="246" ind1="1" ind2="1"><marc:subfield code="a">De iudicum accusatorumque publicorum instituta in exercitu Polono</marc:subfield></marc:datafield><marc:datafield tag="260" ind1=" " ind2=" "><marc:subfield code="a">Krakow</marc:subfield><marc:subfield code="b">Nakl. Uniw. Jagiellonskiego</marc:subfield><marc:subfield code="c">1961</marc:subfield></marc:datafield><marc:datafield tag="300" ind1=" " ind2=" "><marc:subfield code="a">212 S.</marc:subfield></marc:datafield><marc:datafield tag="490" ind1="1" ind2=" "><marc:subfield code="a">Zeszyty naukowe Uniwersytetu Jagiellońskiego : Rozprawy i studia </marc:subfield><marc:subfield code="v">40</marc:subfield></marc:datafield><marc:datafield tag="500" ind1=" " ind2=" "><marc:subfield code="a">Mit russ., franz. u. engl. Zsfassung</marc:subfield></marc:datafield><marc:datafield tag="810" ind1="2" ind2=" "><marc:subfield code="a">Uniwersytet Jagielloński &lt;Kraków&gt;</marc:subfield><marc:subfield code="t">Zeszyty naukowe Uniwersytetu Jagiellońskiego </marc:subfield><marc:subfield code="p">Rozprawy i studia</marc:subfield><marc:subfield code="v">40</marc:subfield><marc:subfield code="w">(DE-604)BV004843286</marc:subfield></marc:datafield><marc:datafield tag="940" ind1="1" ind2=" "><marc:subfield code="q">HUB-ZB011201101</marc:subfield></marc:datafield><marc:datafield tag="940" ind1="1" ind2=" "><marc:subfield code="q">retro</marc:subfield></marc:datafield><marc:datafield tag="940" ind1="1" ind2=" "><marc:subfield code="q">uoov</marc:subfield></marc:datafield></marc:record>