
<marc:record><marc:leader>00623nam a2200217   4500</marc:leader>
<marc:controlfield tag="001">BV037157092</marc:controlfield>
<marc:controlfield tag="005">20110419        </marc:controlfield><marc:controlfield tag="008">110122s2011    gw o|||  |||| 00||| ger d</marc:controlfield><marc:datafield tag="020" ind1=" " ind2=" "><marc:subfield code="a">9783898996617</marc:subfield></marc:datafield><marc:datafield tag="035" ind1=" " ind2=" "><marc:subfield code="a">(DE-101)DNB1008901849</marc:subfield></marc:datafield><marc:datafield tag="040" ind1=" " ind2=" "><marc:subfield code="a">DE-604</marc:subfield><marc:subfield code="e">rakddb</marc:subfield></marc:datafield><marc:datafield tag="044" ind1=" " ind2=" "><marc:subfield code="a">gw</marc:subfield><marc:subfield code="c">XA-DE-NW</marc:subfield></marc:datafield><marc:datafield tag="049" ind1=" " ind2=" "><marc:subfield code="a">HUBA1</marc:subfield></marc:datafield><marc:datafield tag="084" ind1=" " ind2=" "><marc:subfield code="a">796</marc:subfield><marc:subfield code="2">sdnb</marc:subfield></marc:datafield><marc:datafield tag="084" ind1=" " ind2=" "><marc:subfield code="a">ZY 2820</marc:subfield><marc:subfield code="2">rvk</marc:subfield></marc:datafield><marc:datafield tag="100" ind1="1" ind2=" "><marc:subfield code="a">Galloway, Jeff</marc:subfield><marc:subfield code="d">1945-</marc:subfield><marc:subfield code="0">(DE-588)122390776</marc:subfield></marc:datafield><marc:datafield tag="245" ind1="1" ind2="0"><marc:subfield code="a">Laufen - ein Leben lang</marc:subfield><marc:subfield code="c">Jeff Galloway</marc:subfield></marc:datafield><marc:datafield tag="250" ind1=" " ind2=" "><marc:subfield code="a">1., Auflage</marc:subfield></marc:datafield><marc:datafield tag="260" ind1=" " ind2=" "><marc:subfield code="a">Aachen</marc:subfield><marc:subfield code="b">Meyer &amp; Meyer</marc:subfield><marc:subfield code="c">2011</marc:subfield></marc:datafield><marc:datafield tag="300" ind1=" " ind2=" "><marc:subfield code="a">220 S.</marc:subfield><marc:subfield code="b">60 farb. Fotos</marc:subfield><marc:subfield code="c">240 mm x 165 mm</marc:subfield></marc:datafield><marc:datafield tag="730" ind1="0" ind2=" "><marc:subfield code="a">Running until You're 100</marc:subfield><marc:subfield code="l">dt.</marc:subfield></marc:datafield></marc:record>