
<marc:record><marc:leader>01467nam a2200373   4500</marc:leader>
<marc:controlfield tag="001">BV037157093</marc:controlfield>
<marc:controlfield tag="005">20110311        </marc:controlfield><marc:controlfield tag="008">110122s2009       a|||  |||| 00||| eng d</marc:controlfield><marc:datafield tag="020" ind1=" " ind2=" "><marc:subfield code="a">0702029157</marc:subfield></marc:datafield><marc:datafield tag="020" ind1=" " ind2=" "><marc:subfield code="a">9780702029158</marc:subfield></marc:datafield><marc:datafield tag="035" ind1=" " ind2=" "><marc:subfield code="a">(DE-604)BVBBV037157093</marc:subfield></marc:datafield><marc:datafield tag="035" ind1=" " ind2=" "><marc:subfield code="a">(OCoLC)706984790</marc:subfield></marc:datafield><marc:datafield tag="040" ind1=" " ind2=" "><marc:subfield code="a">DE-604</marc:subfield><marc:subfield code="e">rakwb</marc:subfield></marc:datafield><marc:datafield tag="049" ind1=" " ind2=" "><marc:subfield code="a">UBR01</marc:subfield></marc:datafield><marc:datafield tag="084" ind1=" " ind2=" "><marc:subfield code="a">YI 7111</marc:subfield><marc:subfield code="2">rvk</marc:subfield></marc:datafield><marc:datafield tag="245" ind1="1" ind2="0"><marc:subfield code="a">Cosmetic and reconstructive breast surgery</marc:subfield><marc:subfield code="c">ed. by Maurice Y. Nahebedian</marc:subfield></marc:datafield><marc:datafield tag="250" ind1=" " ind2=" "><marc:subfield code="a">1. publ.</marc:subfield></marc:datafield><marc:datafield tag="260" ind1=" " ind2=" "><marc:subfield code="a">Edinburgh [u.a.]</marc:subfield><marc:subfield code="b">Saunders, Elsevier</marc:subfield><marc:subfield code="c">2009</marc:subfield></marc:datafield><marc:datafield tag="300" ind1=" " ind2=" "><marc:subfield code="a">XII, 248 S.</marc:subfield><marc:subfield code="b">zahlr. Ill.</marc:subfield><marc:subfield code="e">1 DVD-ROM (12 cm)</marc:subfield></marc:datafield><marc:datafield tag="490" ind1="0" ind2=" "><marc:subfield code="a">Procedures in reconstructive surgery</marc:subfield></marc:datafield><marc:datafield tag="650" ind1="0" ind2="7"><marc:subfield code="a">Brust</marc:subfield><marc:subfield code="0">(DE-588)4146759-0</marc:subfield><marc:subfield code="2">gnd</marc:subfield></marc:datafield><marc:datafield tag="650" ind1="0" ind2="7"><marc:subfield code="a">Kosmetische Chirurgie</marc:subfield><marc:subfield code="0">(DE-588)4032562-3</marc:subfield><marc:subfield code="2">gnd</marc:subfield></marc:datafield><marc:datafield tag="650" ind1="0" ind2="7"><marc:subfield code="a">Operationstechnik</marc:subfield><marc:subfield code="0">(DE-588)4215428-5</marc:subfield><marc:subfield code="2">gnd</marc:subfield></marc:datafield><marc:datafield tag="650" ind1="0" ind2="7"><marc:subfield code="a">Wiederherstellungschirurgie</marc:subfield><marc:subfield code="0">(DE-588)4065971-9</marc:subfield><marc:subfield code="2">gnd</marc:subfield></marc:datafield><marc:datafield tag="689" ind1="0" ind2="0"><marc:subfield code="0">(DE-588)4146759-0</marc:subfield><marc:subfield code="D">s</marc:subfield><marc:subfield code="a">Brust</marc:subfield></marc:datafield><marc:datafield tag="689" ind1="0" ind2="1"><marc:subfield code="0">(DE-588)4032562-3</marc:subfield><marc:subfield code="D">s</marc:subfield><marc:subfield code="a">Kosmetische Chirurgie</marc:subfield></marc:datafield><marc:datafield tag="689" ind1="0" ind2="2"><marc:subfield code="0">(DE-588)4215428-5</marc:subfield><marc:subfield code="D">s</marc:subfield><marc:subfield code="a">Operationstechnik</marc:subfield></marc:datafield><marc:datafield tag="689" ind1="0" ind2=" "><marc:subfield code="5">DE-604</marc:subfield></marc:datafield><marc:datafield tag="689" ind1="1" ind2="0"><marc:subfield code="0">(DE-588)4146759-0</marc:subfield><marc:subfield code="D">s</marc:subfield><marc:subfield code="a">Brust</marc:subfield></marc:datafield><marc:datafield tag="689" ind1="1" ind2="1"><marc:subfield code="0">(DE-588)4065971-9</marc:subfield><marc:subfield code="D">s</marc:subfield><marc:subfield code="a">Wiederherstellungschirurgie</marc:subfield></marc:datafield><marc:datafield tag="689" ind1="1" ind2="2"><marc:subfield code="0">(DE-588)4215428-5</marc:subfield><marc:subfield code="D">s</marc:subfield><marc:subfield code="a">Operationstechnik</marc:subfield></marc:datafield><marc:datafield tag="689" ind1="1" ind2=" "><marc:subfield code="5">DE-604</marc:subfield></marc:datafield><marc:datafield tag="700" ind1="1" ind2=" "><marc:subfield code="a">Nahebedian, Maurice Y.</marc:subfield><marc:subfield code="0">(DE-588)143322990</marc:subfield></marc:datafield><marc:datafield tag="856" ind1="4" ind2=" "><marc:subfield code="u">http://bvbr.bib-bvb.de:8991/F?func=service&amp;doc_library=BVB01&amp;doc_number=021071755&amp;line_number=0001&amp;func_code=DB_RECORDS&amp;service_type=MEDIA</marc:subfield><marc:subfield code="z">Inhaltsverzeichnis</marc:subfield></marc:datafield></marc:record>