
<marc:record><marc:leader>00704nam a22001932 b4500</marc:leader>
<marc:controlfield tag="001">BV037157095</marc:controlfield>
<marc:controlfield tag="005">20110616        </marc:controlfield><marc:controlfield tag="008">110122s1963             |||| 00||| hun d</marc:controlfield><marc:datafield tag="035" ind1=" " ind2=" "><marc:subfield code="a">(DE-604)BVBBV037157095</marc:subfield></marc:datafield><marc:datafield tag="040" ind1=" " ind2=" "><marc:subfield code="a">DE-604</marc:subfield><marc:subfield code="e">rakwb</marc:subfield></marc:datafield><marc:datafield tag="049" ind1=" " ind2=" "><marc:subfield code="a">HUBA1</marc:subfield></marc:datafield><marc:datafield tag="100" ind1="1" ind2=" "><marc:subfield code="a">Pólay, Elemér</marc:subfield><marc:subfield code="0">(DE-588)107019051</marc:subfield></marc:datafield><marc:datafield tag="245" ind1="1" ind2="0"><marc:subfield code="a">A stipulatio szerepe az erdélyi viaszostáblák okiratanyagában</marc:subfield><marc:subfield code="c">Pólay Elemér</marc:subfield></marc:datafield><marc:datafield tag="260" ind1=" " ind2=" "><marc:subfield code="a">Szeged</marc:subfield><marc:subfield code="b">Univ.</marc:subfield><marc:subfield code="c">1963</marc:subfield></marc:datafield><marc:datafield tag="300" ind1=" " ind2=" "><marc:subfield code="a">34 S.</marc:subfield></marc:datafield><marc:datafield tag="490" ind1="1" ind2=" "><marc:subfield code="a">Acta iuridica et politica </marc:subfield><marc:subfield code="v">10,5</marc:subfield></marc:datafield><marc:datafield tag="500" ind1=" " ind2=" "><marc:subfield code="a">Mit russ. u. dt. Zsfass.: Die Rolle der Stipulation im Urkundenmaterial der Siebenburgischen Nachstafen</marc:subfield></marc:datafield><marc:datafield tag="830" ind1=" " ind2="0"><marc:subfield code="a">Acta iuridica et politica</marc:subfield><marc:subfield code="v">10,5</marc:subfield><marc:subfield code="w">(DE-604)BV000021212</marc:subfield></marc:datafield><marc:datafield tag="940" ind1="1" ind2=" "><marc:subfield code="q">HUB-ZB011201101</marc:subfield></marc:datafield></marc:record>