
<marc:record><marc:leader>01652nam a2200385z  4500</marc:leader>
<marc:controlfield tag="001">BV037157097</marc:controlfield>
<marc:controlfield tag="005">20110308        </marc:controlfield><marc:controlfield tag="008">110122s2010    xxua|||  |||| 00||| eng d</marc:controlfield><marc:datafield tag="010" ind1=" " ind2=" "><marc:subfield code="a">2010022055</marc:subfield></marc:datafield><marc:datafield tag="020" ind1=" " ind2=" "><marc:subfield code="a">9781437709230</marc:subfield><marc:subfield code="c">hardcover : alk. paper</marc:subfield></marc:datafield><marc:datafield tag="035" ind1=" " ind2=" "><marc:subfield code="a">(DE-604)BVBBV037157097</marc:subfield></marc:datafield><marc:datafield tag="035" ind1=" " ind2=" "><marc:subfield code="a">(OCoLC)706984793</marc:subfield></marc:datafield><marc:datafield tag="040" ind1=" " ind2=" "><marc:subfield code="a">DE-604</marc:subfield><marc:subfield code="e">aacr</marc:subfield></marc:datafield><marc:datafield tag="044" ind1=" " ind2=" "><marc:subfield code="a">xxu</marc:subfield><marc:subfield code="c">US</marc:subfield></marc:datafield><marc:datafield tag="049" ind1=" " ind2=" "><marc:subfield code="a">UBR01</marc:subfield><marc:subfield code="a">UBW01</marc:subfield></marc:datafield><marc:datafield tag="050" ind1=" " ind2="0"><marc:subfield code="a">RD563</marc:subfield></marc:datafield><marc:datafield tag="082" ind1="0" ind2=" "><marc:subfield code="a">617.5/85059</marc:subfield></marc:datafield><marc:datafield tag="084" ind1=" " ind2=" "><marc:subfield code="a">YK 3773</marc:subfield><marc:subfield code="2">rvk</marc:subfield></marc:datafield><marc:datafield tag="100" ind1="1" ind2=" "><marc:subfield code="a">Myerson, Mark S.</marc:subfield><marc:subfield code="0">(DE-588)137096879</marc:subfield></marc:datafield><marc:datafield tag="245" ind1="1" ind2="0"><marc:subfield code="a">Reconstructive foot and ankle surgery</marc:subfield><marc:subfield code="b">management of complications ; [searchable full text online ; includes DVD + online video library]</marc:subfield><marc:subfield code="c">Mark S. Myerson</marc:subfield></marc:datafield><marc:datafield tag="250" ind1=" " ind2=" "><marc:subfield code="a">2. ed.</marc:subfield></marc:datafield><marc:datafield tag="260" ind1=" " ind2=" "><marc:subfield code="a">Philadelphia, Pa.</marc:subfield><marc:subfield code="b">Elsevier, Saunders</marc:subfield><marc:subfield code="c">2010</marc:subfield></marc:datafield><marc:datafield tag="300" ind1=" " ind2=" "><marc:subfield code="a">X, 560 S.</marc:subfield><marc:subfield code="b">zahlr. Ill.</marc:subfield><marc:subfield code="e">1 DVD-ROM (12 cm)</marc:subfield></marc:datafield><marc:datafield tag="500" ind1=" " ind2=" "><marc:subfield code="a">Includes bibliographical references and index</marc:subfield></marc:datafield><marc:datafield tag="650" ind1="0" ind2="7"><marc:subfield code="a">Fuß</marc:subfield><marc:subfield code="0">(DE-588)4018967-3</marc:subfield><marc:subfield code="2">gnd</marc:subfield></marc:datafield><marc:datafield tag="650" ind1="0" ind2="7"><marc:subfield code="a">Sprunggelenk</marc:subfield><marc:subfield code="0">(DE-588)4056580-4</marc:subfield><marc:subfield code="2">gnd</marc:subfield></marc:datafield><marc:datafield tag="650" ind1="0" ind2="7"><marc:subfield code="a">Wiederherstellungschirurgie</marc:subfield><marc:subfield code="0">(DE-588)4065971-9</marc:subfield><marc:subfield code="2">gnd</marc:subfield></marc:datafield><marc:datafield tag="689" ind1="0" ind2="0"><marc:subfield code="0">(DE-588)4018967-3</marc:subfield><marc:subfield code="D">s</marc:subfield><marc:subfield code="a">Fuß</marc:subfield></marc:datafield><marc:datafield tag="689" ind1="0" ind2="1"><marc:subfield code="0">(DE-588)4065971-9</marc:subfield><marc:subfield code="D">s</marc:subfield><marc:subfield code="a">Wiederherstellungschirurgie</marc:subfield></marc:datafield><marc:datafield tag="689" ind1="0" ind2=" "><marc:subfield code="5">DE-604</marc:subfield></marc:datafield><marc:datafield tag="689" ind1="1" ind2="0"><marc:subfield code="0">(DE-588)4056580-4</marc:subfield><marc:subfield code="D">s</marc:subfield><marc:subfield code="a">Sprunggelenk</marc:subfield></marc:datafield><marc:datafield tag="689" ind1="1" ind2="1"><marc:subfield code="0">(DE-588)4065971-9</marc:subfield><marc:subfield code="D">s</marc:subfield><marc:subfield code="a">Wiederherstellungschirurgie</marc:subfield></marc:datafield><marc:datafield tag="689" ind1="1" ind2=" "><marc:subfield code="5">DE-604</marc:subfield></marc:datafield><marc:datafield tag="856" ind1="4" ind2=" "><marc:subfield code="u">http://bvbr.bib-bvb.de:8991/F?func=service&amp;doc_library=BVB01&amp;doc_number=021071759&amp;line_number=0001&amp;func_code=DB_RECORDS&amp;service_type=MEDIA</marc:subfield><marc:subfield code="z">Inhaltsverzeichnis</marc:subfield></marc:datafield><marc:datafield tag="856" ind1="4" ind2=" "><marc:subfield code="u">http://bvbr.bib-bvb.de:8991/F?func=service&amp;doc_library=BVB01&amp;doc_number=021071759&amp;line_number=0002&amp;func_code=DB_RECORDS&amp;service_type=MEDIA</marc:subfield><marc:subfield code="z">Klappentext</marc:subfield></marc:datafield></marc:record>