
<marc:record><marc:leader>00654nam a22001452  4500</marc:leader>
<marc:controlfield tag="001">BV037157098</marc:controlfield>
<marc:controlfield tag="005">00000000000000.0</marc:controlfield><marc:controlfield tag="008">110122s1970       abd|  |||| 00||| eng d</marc:controlfield><marc:datafield tag="035" ind1=" " ind2=" "><marc:subfield code="a">(DE-601)GBV195324730</marc:subfield></marc:datafield><marc:datafield tag="040" ind1=" " ind2=" "><marc:subfield code="a">DE-604</marc:subfield></marc:datafield><marc:datafield tag="049" ind1=" " ind2=" "><marc:subfield code="a">HUBA1</marc:subfield></marc:datafield><marc:datafield tag="245" ind1="1" ind2="0"><marc:subfield code="a">Travel guide Poland</marc:subfield><marc:subfield code="b">401 pages, 28 itineraries, 61 alternative routes and diversions, 52 schematic plans of the towns, 6 diagrams of the regions, 30 diagrams of historical monuments, 27 schemes of itineraries, car map of Poland, about 13600 (8500 miles) of described routes, 877 localities</marc:subfield></marc:datafield><marc:datafield tag="260" ind1=" " ind2=" "><marc:subfield code="a">Warszawa</marc:subfield><marc:subfield code="b">Sport i Turystyka</marc:subfield><marc:subfield code="c">1970</marc:subfield></marc:datafield><marc:datafield tag="300" ind1=" " ind2=" "><marc:subfield code="a">X, 439 S.</marc:subfield><marc:subfield code="b">Ill., graph. Darst., Kt.</marc:subfield></marc:datafield><marc:datafield tag="940" ind1="1" ind2=" "><marc:subfield code="q">HUB-ZB011201101</marc:subfield></marc:datafield></marc:record>