
<marc:record><marc:leader>00537nam a22001452  4500</marc:leader>
<marc:controlfield tag="001">BV037157102</marc:controlfield>
<marc:controlfield tag="005">20111221        </marc:controlfield><marc:controlfield tag="008">110122s1939       abd|  |||| 00||| eng d</marc:controlfield><marc:datafield tag="035" ind1=" " ind2=" "><marc:subfield code="a">(DE-601)GBV443859272</marc:subfield></marc:datafield><marc:datafield tag="040" ind1=" " ind2=" "><marc:subfield code="a">DE-604</marc:subfield></marc:datafield><marc:datafield tag="049" ind1=" " ind2=" "><marc:subfield code="a">HUBA1</marc:subfield></marc:datafield><marc:datafield tag="245" ind1="1" ind2="0"><marc:subfield code="a">Swedish Polar Year Expedition, Sveagruvan, Spitzbergen 1932 - 1933</marc:subfield><marc:subfield code="b">general introduction ; terrestrial magnetism</marc:subfield><marc:subfield code="c">publ. under the dir. of the Swedish National Committe for Geodesy and Geophysics</marc:subfield></marc:datafield><marc:datafield tag="260" ind1=" " ind2=" "><marc:subfield code="a">Stockholm</marc:subfield><marc:subfield code="c">1939</marc:subfield></marc:datafield><marc:datafield tag="300" ind1=" " ind2=" "><marc:subfield code="a">77 S.</marc:subfield><marc:subfield code="b">Ill., Kt., graph. Darst.</marc:subfield></marc:datafield><marc:datafield tag="940" ind1="1" ind2=" "><marc:subfield code="q">HUB-ZB011201101</marc:subfield></marc:datafield></marc:record>