
<marc:record><marc:leader>01540nam a2200433 c 4500</marc:leader>
<marc:controlfield tag="001">BV000025466</marc:controlfield>
<marc:controlfield tag="005">19970801        </marc:controlfield><marc:controlfield tag="008">870612s1982       b|||  |||| 00||| ger d</marc:controlfield><marc:datafield tag="035" ind1=" " ind2=" "><marc:subfield code="a">(DE-599)BVBBV000025466</marc:subfield></marc:datafield><marc:datafield tag="035" ind1=" " ind2=" "><marc:subfield code="a">(OCoLC)46068925</marc:subfield></marc:datafield><marc:datafield tag="040" ind1=" " ind2=" "><marc:subfield code="a">DE-604</marc:subfield><marc:subfield code="e">rakddb</marc:subfield></marc:datafield><marc:datafield tag="049" ind1=" " ind2=" "><marc:subfield code="a">DE-12</marc:subfield><marc:subfield code="a">DE-19</marc:subfield><marc:subfield code="a">DE-355</marc:subfield><marc:subfield code="a">DE-29</marc:subfield><marc:subfield code="a">DE-N2</marc:subfield><marc:subfield code="a">DE-20</marc:subfield><marc:subfield code="a">DE-703</marc:subfield><marc:subfield code="a">DE-83</marc:subfield></marc:datafield><marc:datafield tag="084" ind1=" " ind2=" "><marc:subfield code="a">AP 28080</marc:subfield><marc:subfield code="2">rvk</marc:subfield></marc:datafield><marc:datafield tag="084" ind1=" " ind2=" "><marc:subfield code="a">AP 29800</marc:subfield><marc:subfield code="2">rvk</marc:subfield></marc:datafield><marc:datafield tag="084" ind1=" " ind2=" "><marc:subfield code="a">QR 740</marc:subfield><marc:subfield code="2">rvk</marc:subfield></marc:datafield><marc:datafield tag="245" ind1="1" ind2="0"><marc:subfield code="a">Spiegel foreign readership</marc:subfield><marc:subfield code="b">questionnaire completed by readers outside Germany = Spiegel-Leser im Ausland</marc:subfield></marc:datafield><marc:datafield tag="246" ind1="1" ind2="1"><marc:subfield code="a">Spiegel-Leser im Ausland</marc:subfield></marc:datafield><marc:datafield tag="260" ind1=" " ind2=" "><marc:subfield code="a">Hamburg</marc:subfield><marc:subfield code="b">Spiegel-Verl.</marc:subfield><marc:subfield code="c">1982</marc:subfield></marc:datafield><marc:datafield tag="300" ind1=" " ind2=" "><marc:subfield code="a">30 S.</marc:subfield><marc:subfield code="b">Kt.</marc:subfield></marc:datafield><marc:datafield tag="630" ind1="0" ind2="7"><marc:subfield code="0">(DE-588)4056205-0</marc:subfield><marc:subfield code="a">Der Spiegel</marc:subfield><marc:subfield code="9">g:Zeitschrift</marc:subfield><marc:subfield code="2">gnd</marc:subfield></marc:datafield><marc:datafield tag="648" ind1=" " ind2="4"><marc:subfield code="a">Geschichte 1981</marc:subfield></marc:datafield><marc:datafield tag="650" ind1="0" ind2="7"><marc:subfield code="0">(DE-588)4005227-8</marc:subfield><marc:subfield code="a">Umfrage</marc:subfield><marc:subfield code="2">gnd</marc:subfield></marc:datafield><marc:datafield tag="650" ind1="0" ind2="7"><marc:subfield code="0">(DE-588)4035441-6</marc:subfield><marc:subfield code="a">Leser</marc:subfield><marc:subfield code="2">gnd</marc:subfield></marc:datafield><marc:datafield tag="650" ind1="0" ind2="7"><marc:subfield code="0">(DE-588)4068999-2</marc:subfield><marc:subfield code="a">Ausland</marc:subfield><marc:subfield code="2">gnd</marc:subfield></marc:datafield><marc:datafield tag="655" ind1=" " ind2="4"><marc:subfield code="a">Leserschaftsanalyse</marc:subfield></marc:datafield><marc:datafield tag="689" ind1="0" ind2="0"><marc:subfield code="0">(DE-588)4056205-0</marc:subfield><marc:subfield code="D">u</marc:subfield><marc:subfield code="a">Der Spiegel</marc:subfield><marc:subfield code="9">g:Zeitschrift</marc:subfield></marc:datafield><marc:datafield tag="689" ind1="0" ind2="1"><marc:subfield code="0">(DE-588)4035441-6</marc:subfield><marc:subfield code="D">s</marc:subfield><marc:subfield code="a">Leser</marc:subfield></marc:datafield><marc:datafield tag="689" ind1="0" ind2="2"><marc:subfield code="0">(DE-588)4068999-2</marc:subfield><marc:subfield code="D">s</marc:subfield><marc:subfield code="a">Ausland</marc:subfield></marc:datafield><marc:datafield tag="689" ind1="0" ind2="3"><marc:subfield code="A">z</marc:subfield><marc:subfield code="a">Geschichte 1981</marc:subfield></marc:datafield><marc:datafield tag="689" ind1="0" ind2="4"><marc:subfield code="0">(DE-588)4005227-8</marc:subfield><marc:subfield code="D">s</marc:subfield><marc:subfield code="a">Umfrage</marc:subfield></marc:datafield><marc:datafield tag="689" ind1="0" ind2=" "><marc:subfield code="5">DE-604</marc:subfield></marc:datafield><marc:datafield tag="689" ind1="1" ind2="0"><marc:subfield code="A">f</marc:subfield><marc:subfield code="a">Leserschaftsanalyse</marc:subfield></marc:datafield><marc:datafield tag="689" ind1="1" ind2="1"><marc:subfield code="0">(DE-588)4068999-2</marc:subfield><marc:subfield code="D">s</marc:subfield><marc:subfield code="a">Ausland</marc:subfield></marc:datafield><marc:datafield tag="689" ind1="1" ind2=" "><marc:subfield code="5">DE-604</marc:subfield></marc:datafield><marc:datafield tag="689" ind1="2" ind2="0"><marc:subfield code="0">(DE-588)4056205-0</marc:subfield><marc:subfield code="D">u</marc:subfield><marc:subfield code="a">Der Spiegel</marc:subfield><marc:subfield code="9">g:Zeitschrift</marc:subfield></marc:datafield><marc:datafield tag="689" ind1="2" ind2="1"><marc:subfield code="0">(DE-588)4035441-6</marc:subfield><marc:subfield code="D">s</marc:subfield><marc:subfield code="a">Leser</marc:subfield></marc:datafield><marc:datafield tag="689" ind1="2" ind2="2"><marc:subfield code="0">(DE-588)4068999-2</marc:subfield><marc:subfield code="D">s</marc:subfield><marc:subfield code="a">Ausland</marc:subfield></marc:datafield><marc:datafield tag="689" ind1="2" ind2=" "><marc:subfield code="5">DE-604</marc:subfield></marc:datafield><marc:datafield tag="710" ind1="2" ind2=" "><marc:subfield code="a">Spiegel-Verlag Rudolf Augstein (Hamburg)</marc:subfield><marc:subfield code="0">(DE-588)2022321-3</marc:subfield></marc:datafield></marc:record>