
<marc:record><marc:leader>02050nam a2200517 cb4500</marc:leader>
<marc:controlfield tag="001">BV000026660</marc:controlfield>
<marc:controlfield tag="005">20050630        </marc:controlfield><marc:controlfield tag="008">870612s1982       d|||  |||| 00||| ger d</marc:controlfield><marc:datafield tag="020" ind1=" " ind2=" "><marc:subfield code="a">3409311459</marc:subfield><marc:subfield code="9">3-409-31145-9</marc:subfield></marc:datafield><marc:datafield tag="035" ind1=" " ind2=" "><marc:subfield code="a">(DE-599)BVBBV000026660</marc:subfield></marc:datafield><marc:datafield tag="035" ind1=" " ind2=" "><marc:subfield code="a">(OCoLC)46156525</marc:subfield></marc:datafield><marc:datafield tag="040" ind1=" " ind2=" "><marc:subfield code="a">DE-604</marc:subfield><marc:subfield code="e">rakddb</marc:subfield></marc:datafield><marc:datafield tag="049" ind1=" " ind2=" "><marc:subfield code="a">DE-12</marc:subfield><marc:subfield code="a">DE-384</marc:subfield><marc:subfield code="a">DE-861</marc:subfield><marc:subfield code="a">DE-473</marc:subfield><marc:subfield code="a">DE-703</marc:subfield><marc:subfield code="a">DE-19</marc:subfield><marc:subfield code="a">DE-898</marc:subfield><marc:subfield code="a">DE-355</marc:subfield><marc:subfield code="a">DE-20</marc:subfield><marc:subfield code="a">DE-824</marc:subfield><marc:subfield code="a">DE-945</marc:subfield><marc:subfield code="a">DE-N2</marc:subfield><marc:subfield code="a">DE-739</marc:subfield><marc:subfield code="a">DE-70</marc:subfield><marc:subfield code="a">DE-37</marc:subfield><marc:subfield code="a">DE-M347</marc:subfield><marc:subfield code="a">DE-706</marc:subfield><marc:subfield code="a">DE-523</marc:subfield><marc:subfield code="a">DE-Co1</marc:subfield><marc:subfield code="a">DE-83</marc:subfield><marc:subfield code="a">DE-577</marc:subfield><marc:subfield code="a">DE-188</marc:subfield><marc:subfield code="a">DE-B170</marc:subfield></marc:datafield><marc:datafield tag="084" ind1=" " ind2=" "><marc:subfield code="a">QP 020</marc:subfield><marc:subfield code="2">rvk</marc:subfield></marc:datafield><marc:datafield tag="084" ind1=" " ind2=" "><marc:subfield code="a">QP 340</marc:subfield><marc:subfield code="2">rvk</marc:subfield></marc:datafield><marc:datafield tag="084" ind1=" " ind2=" "><marc:subfield code="a">QP 343</marc:subfield><marc:subfield code="2">rvk</marc:subfield></marc:datafield><marc:datafield tag="084" ind1=" " ind2=" "><marc:subfield code="a">WIR 550f</marc:subfield><marc:subfield code="2">stub</marc:subfield></marc:datafield><marc:datafield tag="245" ind1="1" ind2="0"><marc:subfield code="a">Organisationsstrukturen und ihre Einflußfaktoren</marc:subfield><marc:subfield code="c">hrsg. von Friedrich Hoffmann</marc:subfield></marc:datafield><marc:datafield tag="260" ind1=" " ind2=" "><marc:subfield code="a">Wiesbaden</marc:subfield><marc:subfield code="b">Gabler</marc:subfield><marc:subfield code="c">1982</marc:subfield></marc:datafield><marc:datafield tag="300" ind1=" " ind2=" "><marc:subfield code="a">70 S.</marc:subfield><marc:subfield code="b">graph. Darst.</marc:subfield></marc:datafield><marc:datafield tag="490" ind1="1" ind2=" "><marc:subfield code="a">[Schmalenbachs Zeitschrift für betriebswirtschaftliche Forschung / Sonderheft] </marc:subfield><marc:subfield code="v">13</marc:subfield></marc:datafield><marc:datafield tag="650" ind1="0" ind2="7"><marc:subfield code="0">(DE-588)4043774-7</marc:subfield><marc:subfield code="a">Organisation</marc:subfield><marc:subfield code="2">gnd</marc:subfield></marc:datafield><marc:datafield tag="650" ind1="0" ind2="7"><marc:subfield code="0">(DE-588)4061963-1</marc:subfield><marc:subfield code="a">Unternehmen</marc:subfield><marc:subfield code="2">gnd</marc:subfield></marc:datafield><marc:datafield tag="650" ind1="0" ind2="7"><marc:subfield code="0">(DE-588)4172756-3</marc:subfield><marc:subfield code="a">Organisationsform</marc:subfield><marc:subfield code="2">gnd</marc:subfield></marc:datafield><marc:datafield tag="651" ind1=" " ind2="7"><marc:subfield code="0">(DE-588)4011889-7</marc:subfield><marc:subfield code="a">Deutschland</marc:subfield><marc:subfield code="9">g:Bundesrepublik</marc:subfield><marc:subfield code="2">gnd</marc:subfield></marc:datafield><marc:datafield tag="651" ind1=" " ind2="7"><marc:subfield code="0">(DE-588)4078704-7</marc:subfield><marc:subfield code="a">USA</marc:subfield><marc:subfield code="2">gnd</marc:subfield></marc:datafield><marc:datafield tag="655" ind1=" " ind2="4"><marc:subfield code="a">Aufsatzsammlung</marc:subfield></marc:datafield><marc:datafield tag="689" ind1="0" ind2="0"><marc:subfield code="0">(DE-588)4011889-7</marc:subfield><marc:subfield code="D">g</marc:subfield><marc:subfield code="a">Deutschland</marc:subfield><marc:subfield code="9">g:Bundesrepublik</marc:subfield></marc:datafield><marc:datafield tag="689" ind1="0" ind2="1"><marc:subfield code="0">(DE-588)4061963-1</marc:subfield><marc:subfield code="D">s</marc:subfield><marc:subfield code="a">Unternehmen</marc:subfield></marc:datafield><marc:datafield tag="689" ind1="0" ind2="2"><marc:subfield code="0">(DE-588)4043774-7</marc:subfield><marc:subfield code="D">s</marc:subfield><marc:subfield code="a">Organisation</marc:subfield></marc:datafield><marc:datafield tag="689" ind1="0" ind2="3"><marc:subfield code="A">f</marc:subfield><marc:subfield code="a">Aufsatzsammlung</marc:subfield></marc:datafield><marc:datafield tag="689" ind1="0" ind2=" "><marc:subfield code="5">DE-604</marc:subfield></marc:datafield><marc:datafield tag="689" ind1="1" ind2="0"><marc:subfield code="0">(DE-588)4078704-7</marc:subfield><marc:subfield code="D">g</marc:subfield><marc:subfield code="a">USA</marc:subfield></marc:datafield><marc:datafield tag="689" ind1="1" ind2="1"><marc:subfield code="0">(DE-588)4061963-1</marc:subfield><marc:subfield code="D">s</marc:subfield><marc:subfield code="a">Unternehmen</marc:subfield></marc:datafield><marc:datafield tag="689" ind1="1" ind2="2"><marc:subfield code="0">(DE-588)4043774-7</marc:subfield><marc:subfield code="D">s</marc:subfield><marc:subfield code="a">Organisation</marc:subfield></marc:datafield><marc:datafield tag="689" ind1="1" ind2="3"><marc:subfield code="A">f</marc:subfield><marc:subfield code="a">Aufsatzsammlung</marc:subfield></marc:datafield><marc:datafield tag="689" ind1="1" ind2=" "><marc:subfield code="5">DE-604</marc:subfield></marc:datafield><marc:datafield tag="689" ind1="2" ind2="0"><marc:subfield code="0">(DE-588)4043774-7</marc:subfield><marc:subfield code="D">s</marc:subfield><marc:subfield code="a">Organisation</marc:subfield></marc:datafield><marc:datafield tag="689" ind1="2" ind2="1"><marc:subfield code="A">f</marc:subfield><marc:subfield code="a">Aufsatzsammlung</marc:subfield></marc:datafield><marc:datafield tag="689" ind1="2" ind2=" "><marc:subfield code="5">DE-604</marc:subfield></marc:datafield><marc:datafield tag="689" ind1="3" ind2="0"><marc:subfield code="0">(DE-588)4043774-7</marc:subfield><marc:subfield code="D">s</marc:subfield><marc:subfield code="a">Organisation</marc:subfield></marc:datafield><marc:datafield tag="689" ind1="3" ind2=" "><marc:subfield code="5">DE-604</marc:subfield></marc:datafield><marc:datafield tag="689" ind1="4" ind2="0"><marc:subfield code="0">(DE-588)4172756-3</marc:subfield><marc:subfield code="D">s</marc:subfield><marc:subfield code="a">Organisationsform</marc:subfield></marc:datafield><marc:datafield tag="689" ind1="4" ind2=" "><marc:subfield code="5">DE-604</marc:subfield></marc:datafield><marc:datafield tag="700" ind1="1" ind2=" "><marc:subfield code="a">Hoffmann, Friedrich</marc:subfield><marc:subfield code="d">1925-2007</marc:subfield><marc:subfield code="0">(DE-588)118894463</marc:subfield><marc:subfield code="4">ctb</marc:subfield></marc:datafield><marc:datafield tag="810" ind1="2" ind2=" "><marc:subfield code="a">[Schmalenbachs Zeitschrift für betriebswirtschaftliche Forschung</marc:subfield><marc:subfield code="t">Sonderheft] </marc:subfield><marc:subfield code="v">13</marc:subfield><marc:subfield code="w">(DE-604)BV000000704</marc:subfield></marc:datafield></marc:record>