
<marc:record><marc:leader>00706ncm a2200205 cb4500</marc:leader>
<marc:controlfield tag="001">BV000058099</marc:controlfield>
<marc:controlfield tag="005">20090223        </marc:controlfield><marc:controlfield tag="008">870612s1962       ||||  |||||||| | und d</marc:controlfield><marc:datafield tag="035" ind1=" " ind2=" "><marc:subfield code="a">(DE-599)BVBBV000058099</marc:subfield></marc:datafield><marc:datafield tag="035" ind1=" " ind2=" "><marc:subfield code="a">(OCoLC)157020161</marc:subfield></marc:datafield><marc:datafield tag="040" ind1=" " ind2=" "><marc:subfield code="a">DE-604</marc:subfield><marc:subfield code="e">rakddb</marc:subfield></marc:datafield><marc:datafield tag="049" ind1=" " ind2=" "><marc:subfield code="a">DE-12</marc:subfield><marc:subfield code="a">DE-Re5</marc:subfield></marc:datafield><marc:datafield tag="084" ind1=" " ind2=" "><marc:subfield code="a">9,2</marc:subfield><marc:subfield code="2">ssgn</marc:subfield></marc:datafield><marc:datafield tag="100" ind1="1" ind2=" "><marc:subfield code="a">Marx, Karl</marc:subfield><marc:subfield code="d">1897-1985</marc:subfield><marc:subfield code="0">(DE-588)118731521</marc:subfield><marc:subfield code="4">aut</marc:subfield></marc:datafield><marc:datafield tag="245" ind1="1" ind2="0"><marc:subfield code="a">Es liegt ein Schloß in Österreich</marc:subfield><marc:subfield code="h">Musikdruck</marc:subfield><marc:subfield code="b">kleine Kantate nach e. alten Volksballade für Solostimmen, gem. Chor u. Instrumente</marc:subfield></marc:datafield><marc:datafield tag="260" ind1=" " ind2=" "><marc:subfield code="a">Celle</marc:subfield><marc:subfield code="b">Moeck</marc:subfield><marc:subfield code="c">1962</marc:subfield></marc:datafield><marc:datafield tag="300" ind1=" " ind2=" "><marc:subfield code="a">10 S.</marc:subfield></marc:datafield><marc:datafield tag="490" ind1="1" ind2=" "><marc:subfield code="a">Zeitschrift für Spielmusik </marc:subfield><marc:subfield code="v">282</marc:subfield></marc:datafield><marc:datafield tag="500" ind1=" " ind2=" "><marc:subfield code="a">Partitur</marc:subfield></marc:datafield><marc:datafield tag="830" ind1=" " ind2="0"><marc:subfield code="a">Zeitschrift für Spielmusik </marc:subfield><marc:subfield code="v">282</marc:subfield><marc:subfield code="w">(DE-604)BV000003205</marc:subfield></marc:datafield></marc:record>