
<marc:record><marc:leader>02156nam a2200613 cb4500</marc:leader>
<marc:controlfield tag="001">BV000060189</marc:controlfield>
<marc:controlfield tag="005">20110905        </marc:controlfield><marc:controlfield tag="008">870612s1982       abd|  |||| 00||| eng d</marc:controlfield><marc:datafield tag="020" ind1=" " ind2=" "><marc:subfield code="a">3443210422</marc:subfield><marc:subfield code="9">3-443-21042-2</marc:subfield></marc:datafield><marc:datafield tag="020" ind1=" " ind2=" "><marc:subfield code="z">3433210422</marc:subfield><marc:subfield code="9">3-433-21042-2</marc:subfield></marc:datafield><marc:datafield tag="035" ind1=" " ind2=" "><marc:subfield code="a">(DE-599)BVBBV000060189</marc:subfield></marc:datafield><marc:datafield tag="035" ind1=" " ind2=" "><marc:subfield code="a">(OCoLC)8920128</marc:subfield></marc:datafield><marc:datafield tag="040" ind1=" " ind2=" "><marc:subfield code="a">DE-604</marc:subfield><marc:subfield code="e">rakddb</marc:subfield></marc:datafield><marc:datafield tag="041" ind1="0" ind2=" "><marc:subfield code="a">eng</marc:subfield><marc:subfield code="a">ger</marc:subfield></marc:datafield><marc:datafield tag="049" ind1=" " ind2=" "><marc:subfield code="a">DE-12</marc:subfield><marc:subfield code="a">DE-703</marc:subfield><marc:subfield code="a">DE-739</marc:subfield><marc:subfield code="a">DE-355</marc:subfield><marc:subfield code="a">DE-824</marc:subfield><marc:subfield code="a">DE-473</marc:subfield><marc:subfield code="a">DE-19</marc:subfield><marc:subfield code="a">DE-91</marc:subfield><marc:subfield code="a">DE-384</marc:subfield><marc:subfield code="a">DE-29</marc:subfield><marc:subfield code="a">DE-20</marc:subfield><marc:subfield code="a">DE-83</marc:subfield><marc:subfield code="a">DE-188</marc:subfield></marc:datafield><marc:datafield tag="050" ind1=" " ind2="0"><marc:subfield code="a">QE606</marc:subfield></marc:datafield><marc:datafield tag="082" ind1="0" ind2=" "><marc:subfield code="a">551.44</marc:subfield><marc:subfield code="2">19</marc:subfield></marc:datafield><marc:datafield tag="084" ind1=" " ind2=" "><marc:subfield code="a">GEO 316f</marc:subfield><marc:subfield code="2">stub</marc:subfield></marc:datafield><marc:datafield tag="084" ind1=" " ind2=" "><marc:subfield code="a">GEO 362f</marc:subfield><marc:subfield code="2">stub</marc:subfield></marc:datafield><marc:datafield tag="084" ind1=" " ind2=" "><marc:subfield code="a">RB 10247</marc:subfield><marc:subfield code="2">rvk</marc:subfield></marc:datafield><marc:datafield tag="084" ind1=" " ind2=" "><marc:subfield code="a">RB 10298</marc:subfield><marc:subfield code="2">rvk</marc:subfield></marc:datafield><marc:datafield tag="245" ind1="1" ind2="0"><marc:subfield code="a">Graben</marc:subfield><marc:subfield code="b">geology and geomorphogenesis</marc:subfield><marc:subfield code="c">ed. by Karl Brunnacker ...</marc:subfield></marc:datafield><marc:datafield tag="260" ind1=" " ind2=" "><marc:subfield code="a">Berlin u.a.</marc:subfield><marc:subfield code="b">Borntraeger</marc:subfield><marc:subfield code="c">1982</marc:subfield></marc:datafield><marc:datafield tag="300" ind1=" " ind2=" "><marc:subfield code="a">226 S.</marc:subfield><marc:subfield code="b">Ill., graph. Darst., Kt.</marc:subfield></marc:datafield><marc:datafield tag="490" ind1="1" ind2=" "><marc:subfield code="a">Zeitschrift für Geomorphologie / Neue Folge / Supplementbände </marc:subfield><marc:subfield code="v">42</marc:subfield></marc:datafield><marc:datafield tag="650" ind1=" " ind2="4"><marc:subfield code="a">Fossés (Géologie)</marc:subfield></marc:datafield><marc:datafield tag="650" ind1=" " ind2="4"><marc:subfield code="a">Grabens (Geology)</marc:subfield></marc:datafield><marc:datafield tag="650" ind1=" " ind2="4"><marc:subfield code="a">Rifts (Geology)</marc:subfield></marc:datafield><marc:datafield tag="650" ind1="0" ind2="7"><marc:subfield code="0">(DE-588)4020227-6</marc:subfield><marc:subfield code="a">Geologie</marc:subfield><marc:subfield code="2">gnd</marc:subfield></marc:datafield><marc:datafield tag="650" ind1="0" ind2="7"><marc:subfield code="0">(DE-588)4130684-3</marc:subfield><marc:subfield code="a">Geomorphologie</marc:subfield><marc:subfield code="2">gnd</marc:subfield></marc:datafield><marc:datafield tag="650" ind1="0" ind2="7"><marc:subfield code="0">(DE-588)4132460-2</marc:subfield><marc:subfield code="a">Morphogenese</marc:subfield><marc:subfield code="2">gnd</marc:subfield></marc:datafield><marc:datafield tag="650" ind1="0" ind2="7"><marc:subfield code="0">(DE-588)4132462-6</marc:subfield><marc:subfield code="a">Geomorphogenese</marc:subfield><marc:subfield code="2">gnd</marc:subfield></marc:datafield><marc:datafield tag="650" ind1="0" ind2="7"><marc:subfield code="0">(DE-588)4157973-2</marc:subfield><marc:subfield code="a">Grabenbruch</marc:subfield><marc:subfield code="2">gnd</marc:subfield></marc:datafield><marc:datafield tag="655" ind1=" " ind2="4"><marc:subfield code="a">Aufsatzsammlung</marc:subfield></marc:datafield><marc:datafield tag="689" ind1="0" ind2="0"><marc:subfield code="0">(DE-588)4130684-3</marc:subfield><marc:subfield code="D">s</marc:subfield><marc:subfield code="a">Geomorphologie</marc:subfield></marc:datafield><marc:datafield tag="689" ind1="0" ind2="1"><marc:subfield code="0">(DE-588)4157973-2</marc:subfield><marc:subfield code="D">s</marc:subfield><marc:subfield code="a">Grabenbruch</marc:subfield></marc:datafield><marc:datafield tag="689" ind1="0" ind2=" "><marc:subfield code="5">DE-604</marc:subfield></marc:datafield><marc:datafield tag="689" ind1="1" ind2="0"><marc:subfield code="0">(DE-588)4157973-2</marc:subfield><marc:subfield code="D">s</marc:subfield><marc:subfield code="a">Grabenbruch</marc:subfield></marc:datafield><marc:datafield tag="689" ind1="1" ind2=" "><marc:subfield code="5">DE-604</marc:subfield></marc:datafield><marc:datafield tag="689" ind1="2" ind2="0"><marc:subfield code="0">(DE-588)4157973-2</marc:subfield><marc:subfield code="D">s</marc:subfield><marc:subfield code="a">Grabenbruch</marc:subfield></marc:datafield><marc:datafield tag="689" ind1="2" ind2="1"><marc:subfield code="0">(DE-588)4132460-2</marc:subfield><marc:subfield code="D">s</marc:subfield><marc:subfield code="a">Morphogenese</marc:subfield></marc:datafield><marc:datafield tag="689" ind1="2" ind2="2"><marc:subfield code="A">f</marc:subfield><marc:subfield code="a">Aufsatzsammlung</marc:subfield></marc:datafield><marc:datafield tag="689" ind1="2" ind2=" "><marc:subfield code="5">DE-604</marc:subfield></marc:datafield><marc:datafield tag="689" ind1="3" ind2="0"><marc:subfield code="0">(DE-588)4157973-2</marc:subfield><marc:subfield code="D">s</marc:subfield><marc:subfield code="a">Grabenbruch</marc:subfield></marc:datafield><marc:datafield tag="689" ind1="3" ind2="1"><marc:subfield code="0">(DE-588)4132462-6</marc:subfield><marc:subfield code="D">s</marc:subfield><marc:subfield code="a">Geomorphogenese</marc:subfield></marc:datafield><marc:datafield tag="689" ind1="3" ind2="2"><marc:subfield code="A">f</marc:subfield><marc:subfield code="a">Aufsatzsammlung</marc:subfield></marc:datafield><marc:datafield tag="689" ind1="3" ind2=" "><marc:subfield code="5">DE-604</marc:subfield></marc:datafield><marc:datafield tag="689" ind1="4" ind2="0"><marc:subfield code="0">(DE-588)4157973-2</marc:subfield><marc:subfield code="D">s</marc:subfield><marc:subfield code="a">Grabenbruch</marc:subfield></marc:datafield><marc:datafield tag="689" ind1="4" ind2="1"><marc:subfield code="0">(DE-588)4020227-6</marc:subfield><marc:subfield code="D">s</marc:subfield><marc:subfield code="a">Geologie</marc:subfield></marc:datafield><marc:datafield tag="689" ind1="4" ind2="2"><marc:subfield code="A">f</marc:subfield><marc:subfield code="a">Aufsatzsammlung</marc:subfield></marc:datafield><marc:datafield tag="689" ind1="4" ind2=" "><marc:subfield code="5">DE-604</marc:subfield></marc:datafield><marc:datafield tag="700" ind1="1" ind2=" "><marc:subfield code="a">Brunnacker, Karl</marc:subfield><marc:subfield code="d">1921-</marc:subfield><marc:subfield code="0">(DE-588)118516167</marc:subfield><marc:subfield code="4">ctb</marc:subfield></marc:datafield><marc:datafield tag="810" ind1="2" ind2=" "><marc:subfield code="a">Zeitschrift für Geomorphologie / Neue Folge</marc:subfield><marc:subfield code="t">Supplementbände </marc:subfield><marc:subfield code="v">42</marc:subfield><marc:subfield code="w">(DE-604)BV000001440</marc:subfield></marc:datafield><marc:datafield tag="940" ind1="1" ind2=" "><marc:subfield code="q">TUB-nseb</marc:subfield></marc:datafield></marc:record>