
<marc:record><marc:leader>03313nam a2200865 cb4500</marc:leader>
<marc:controlfield tag="001">BV000072912</marc:controlfield>
<marc:controlfield tag="005">20030214        </marc:controlfield><marc:controlfield tag="008">870612s1982       a|||  m||| 00||| ger d</marc:controlfield><marc:datafield tag="020" ind1=" " ind2=" "><marc:subfield code="a">3810721549</marc:subfield><marc:subfield code="9">3-8107-2154-9</marc:subfield></marc:datafield><marc:datafield tag="022" ind1=" " ind2=" "><marc:subfield code="a">0720-5236</marc:subfield><marc:subfield code="2">6</marc:subfield></marc:datafield><marc:datafield tag="035" ind1=" " ind2=" "><marc:subfield code="a">(DE-599)BVBBV000072912</marc:subfield></marc:datafield><marc:datafield tag="035" ind1=" " ind2=" "><marc:subfield code="a">(OCoLC)260010679</marc:subfield></marc:datafield><marc:datafield tag="040" ind1=" " ind2=" "><marc:subfield code="a">DE-604</marc:subfield><marc:subfield code="e">rakddb</marc:subfield></marc:datafield><marc:datafield tag="049" ind1=" " ind2=" "><marc:subfield code="a">DE-12</marc:subfield><marc:subfield code="a">DE-19</marc:subfield><marc:subfield code="a">DE-473</marc:subfield><marc:subfield code="a">DE-703</marc:subfield><marc:subfield code="a">DE-739</marc:subfield><marc:subfield code="a">DE-355</marc:subfield><marc:subfield code="a">DE-824</marc:subfield><marc:subfield code="a">DE-188</marc:subfield></marc:datafield><marc:datafield tag="084" ind1=" " ind2=" "><marc:subfield code="a">LH 82600</marc:subfield><marc:subfield code="2">rvk</marc:subfield></marc:datafield><marc:datafield tag="084" ind1=" " ind2=" "><marc:subfield code="a">LK 83220</marc:subfield><marc:subfield code="2">rvk</marc:subfield></marc:datafield><marc:datafield tag="084" ind1=" " ind2=" "><marc:subfield code="a">LK 84003</marc:subfield><marc:subfield code="2">rvk</marc:subfield></marc:datafield><marc:datafield tag="100" ind1="1" ind2=" "><marc:subfield code="a">Klein, Matthias</marc:subfield><marc:subfield code="0">(DE-588)109976584</marc:subfield><marc:subfield code="4">aut</marc:subfield></marc:datafield><marc:datafield tag="245" ind1="1" ind2="0"><marc:subfield code="a">Schöpfungsdarstellungen mittelalterlicher Wandmalereien in Baden-Württemberg und in der Nordschweiz</marc:subfield><marc:subfield code="b">Bestandsaufnahme mit kritischem Befund</marc:subfield></marc:datafield><marc:datafield tag="260" ind1=" " ind2=" "><marc:subfield code="a">Freiburg</marc:subfield><marc:subfield code="b">Hochschulverl.</marc:subfield><marc:subfield code="c">1982</marc:subfield></marc:datafield><marc:datafield tag="300" ind1=" " ind2=" "><marc:subfield code="a">XI, 567 S.</marc:subfield><marc:subfield code="b">Ill.</marc:subfield></marc:datafield><marc:datafield tag="490" ind1="1" ind2=" "><marc:subfield code="a">Hochschulsammlung Philosophie / Kunstgeschichte </marc:subfield><marc:subfield code="v">4</marc:subfield></marc:datafield><marc:datafield tag="500" ind1=" " ind2=" "><marc:subfield code="a">Teilw. zugl.: München, Univ., Diss., 1980</marc:subfield></marc:datafield><marc:datafield tag="502" ind1=" " ind2=" "><marc:subfield code="a">Zugl.: München, Univ., Diss., 1980</marc:subfield></marc:datafield><marc:datafield tag="648" ind1=" " ind2="4"><marc:subfield code="a">Geschichte 1140-1520</marc:subfield></marc:datafield><marc:datafield tag="648" ind1=" " ind2="4"><marc:subfield code="a">Geschichte Anfänge-1500</marc:subfield></marc:datafield><marc:datafield tag="650" ind1="0" ind2="7"><marc:subfield code="0">(DE-588)4021656-1</marc:subfield><marc:subfield code="a">Gotik</marc:subfield><marc:subfield code="2">gnd</marc:subfield></marc:datafield><marc:datafield tag="650" ind1="0" ind2="7"><marc:subfield code="0">(DE-588)4053163-6</marc:subfield><marc:subfield code="a">Schöpfung</marc:subfield><marc:subfield code="2">gnd</marc:subfield></marc:datafield><marc:datafield tag="650" ind1="0" ind2="7"><marc:subfield code="0">(DE-588)4064542-3</marc:subfield><marc:subfield code="a">Wandmalerei</marc:subfield><marc:subfield code="2">gnd</marc:subfield></marc:datafield><marc:datafield tag="650" ind1="0" ind2="7"><marc:subfield code="0">(DE-588)4179919-7</marc:subfield><marc:subfield code="a">Schöpfung</marc:subfield><marc:subfield code="9">g:Motiv</marc:subfield><marc:subfield code="2">gnd</marc:subfield></marc:datafield><marc:datafield tag="651" ind1=" " ind2="7"><marc:subfield code="0">(DE-588)4004176-1</marc:subfield><marc:subfield code="a">Baden-Württemberg</marc:subfield><marc:subfield code="2">gnd</marc:subfield></marc:datafield><marc:datafield tag="651" ind1=" " ind2="7"><marc:subfield code="0">(DE-588)4122644-6</marc:subfield><marc:subfield code="a">Schweiz</marc:subfield><marc:subfield code="z">Nord</marc:subfield><marc:subfield code="2">gnd</marc:subfield></marc:datafield><marc:datafield tag="689" ind1="0" ind2="0"><marc:subfield code="0">(DE-588)4004176-1</marc:subfield><marc:subfield code="D">g</marc:subfield><marc:subfield code="a">Baden-Württemberg</marc:subfield></marc:datafield><marc:datafield tag="689" ind1="0" ind2="1"><marc:subfield code="0">(DE-588)4064542-3</marc:subfield><marc:subfield code="D">s</marc:subfield><marc:subfield code="a">Wandmalerei</marc:subfield></marc:datafield><marc:datafield tag="689" ind1="0" ind2="2"><marc:subfield code="0">(DE-588)4053163-6</marc:subfield><marc:subfield code="D">s</marc:subfield><marc:subfield code="a">Schöpfung</marc:subfield></marc:datafield><marc:datafield tag="689" ind1="0" ind2="3"><marc:subfield code="A">z</marc:subfield><marc:subfield code="a">Geschichte 1140-1520</marc:subfield></marc:datafield><marc:datafield tag="689" ind1="0" ind2=" "><marc:subfield code="5">DE-604</marc:subfield></marc:datafield><marc:datafield tag="689" ind1="1" ind2="0"><marc:subfield code="0">(DE-588)4122644-6</marc:subfield><marc:subfield code="D">g</marc:subfield><marc:subfield code="a">Schweiz</marc:subfield><marc:subfield code="z">Nord</marc:subfield></marc:datafield><marc:datafield tag="689" ind1="1" ind2="1"><marc:subfield code="0">(DE-588)4064542-3</marc:subfield><marc:subfield code="D">s</marc:subfield><marc:subfield code="a">Wandmalerei</marc:subfield></marc:datafield><marc:datafield tag="689" ind1="1" ind2="2"><marc:subfield code="0">(DE-588)4053163-6</marc:subfield><marc:subfield code="D">s</marc:subfield><marc:subfield code="a">Schöpfung</marc:subfield></marc:datafield><marc:datafield tag="689" ind1="1" ind2="3"><marc:subfield code="A">z</marc:subfield><marc:subfield code="a">Geschichte 1140-1520</marc:subfield></marc:datafield><marc:datafield tag="689" ind1="1" ind2=" "><marc:subfield code="5">DE-604</marc:subfield></marc:datafield><marc:datafield tag="689" ind1="2" ind2="0"><marc:subfield code="0">(DE-588)4021656-1</marc:subfield><marc:subfield code="D">s</marc:subfield><marc:subfield code="a">Gotik</marc:subfield></marc:datafield><marc:datafield tag="689" ind1="2" ind2="1"><marc:subfield code="0">(DE-588)4064542-3</marc:subfield><marc:subfield code="D">s</marc:subfield><marc:subfield code="a">Wandmalerei</marc:subfield></marc:datafield><marc:datafield tag="689" ind1="2" ind2="2"><marc:subfield code="0">(DE-588)4053163-6</marc:subfield><marc:subfield code="D">s</marc:subfield><marc:subfield code="a">Schöpfung</marc:subfield></marc:datafield><marc:datafield tag="689" ind1="2" ind2="3"><marc:subfield code="0">(DE-588)4004176-1</marc:subfield><marc:subfield code="D">g</marc:subfield><marc:subfield code="a">Baden-Württemberg</marc:subfield></marc:datafield><marc:datafield tag="689" ind1="2" ind2=" "><marc:subfield code="5">DE-604</marc:subfield></marc:datafield><marc:datafield tag="689" ind1="3" ind2="0"><marc:subfield code="0">(DE-588)4021656-1</marc:subfield><marc:subfield code="D">s</marc:subfield><marc:subfield code="a">Gotik</marc:subfield></marc:datafield><marc:datafield tag="689" ind1="3" ind2="1"><marc:subfield code="0">(DE-588)4064542-3</marc:subfield><marc:subfield code="D">s</marc:subfield><marc:subfield code="a">Wandmalerei</marc:subfield></marc:datafield><marc:datafield tag="689" ind1="3" ind2="2"><marc:subfield code="0">(DE-588)4053163-6</marc:subfield><marc:subfield code="D">s</marc:subfield><marc:subfield code="a">Schöpfung</marc:subfield></marc:datafield><marc:datafield tag="689" ind1="3" ind2="3"><marc:subfield code="0">(DE-588)4122644-6</marc:subfield><marc:subfield code="D">g</marc:subfield><marc:subfield code="a">Schweiz</marc:subfield><marc:subfield code="z">Nord</marc:subfield></marc:datafield><marc:datafield tag="689" ind1="3" ind2=" "><marc:subfield code="5">DE-604</marc:subfield></marc:datafield><marc:datafield tag="689" ind1="4" ind2="0"><marc:subfield code="0">(DE-588)4122644-6</marc:subfield><marc:subfield code="D">g</marc:subfield><marc:subfield code="a">Schweiz</marc:subfield><marc:subfield code="z">Nord</marc:subfield></marc:datafield><marc:datafield tag="689" ind1="4" ind2="1"><marc:subfield code="0">(DE-588)4179919-7</marc:subfield><marc:subfield code="D">s</marc:subfield><marc:subfield code="a">Schöpfung</marc:subfield><marc:subfield code="9">g:Motiv</marc:subfield></marc:datafield><marc:datafield tag="689" ind1="4" ind2="2"><marc:subfield code="0">(DE-588)4064542-3</marc:subfield><marc:subfield code="D">s</marc:subfield><marc:subfield code="a">Wandmalerei</marc:subfield></marc:datafield><marc:datafield tag="689" ind1="4" ind2="3"><marc:subfield code="A">z</marc:subfield><marc:subfield code="a">Geschichte Anfänge-1500</marc:subfield></marc:datafield><marc:datafield tag="689" ind1="4" ind2=" "><marc:subfield code="5">DE-604</marc:subfield></marc:datafield><marc:datafield tag="689" ind1="5" ind2="0"><marc:subfield code="0">(DE-588)4004176-1</marc:subfield><marc:subfield code="D">g</marc:subfield><marc:subfield code="a">Baden-Württemberg</marc:subfield></marc:datafield><marc:datafield tag="689" ind1="5" ind2="1"><marc:subfield code="0">(DE-588)4179919-7</marc:subfield><marc:subfield code="D">s</marc:subfield><marc:subfield code="a">Schöpfung</marc:subfield><marc:subfield code="9">g:Motiv</marc:subfield></marc:datafield><marc:datafield tag="689" ind1="5" ind2="2"><marc:subfield code="0">(DE-588)4064542-3</marc:subfield><marc:subfield code="D">s</marc:subfield><marc:subfield code="a">Wandmalerei</marc:subfield></marc:datafield><marc:datafield tag="689" ind1="5" ind2="3"><marc:subfield code="A">z</marc:subfield><marc:subfield code="a">Geschichte Anfänge-1500</marc:subfield></marc:datafield><marc:datafield tag="689" ind1="5" ind2=" "><marc:subfield code="5">DE-604</marc:subfield></marc:datafield><marc:datafield tag="689" ind1="6" ind2="0"><marc:subfield code="0">(DE-588)4179919-7</marc:subfield><marc:subfield code="D">s</marc:subfield><marc:subfield code="a">Schöpfung</marc:subfield><marc:subfield code="9">g:Motiv</marc:subfield></marc:datafield><marc:datafield tag="689" ind1="6" ind2="1"><marc:subfield code="0">(DE-588)4064542-3</marc:subfield><marc:subfield code="D">s</marc:subfield><marc:subfield code="a">Wandmalerei</marc:subfield></marc:datafield><marc:datafield tag="689" ind1="6" ind2="2"><marc:subfield code="A">z</marc:subfield><marc:subfield code="a">Geschichte Anfänge-1500</marc:subfield></marc:datafield><marc:datafield tag="689" ind1="6" ind2=" "><marc:subfield code="5">DE-604</marc:subfield></marc:datafield><marc:datafield tag="689" ind1="7" ind2="0"><marc:subfield code="0">(DE-588)4004176-1</marc:subfield><marc:subfield code="D">g</marc:subfield><marc:subfield code="a">Baden-Württemberg</marc:subfield></marc:datafield><marc:datafield tag="689" ind1="7" ind2="1"><marc:subfield code="0">(DE-588)4064542-3</marc:subfield><marc:subfield code="D">s</marc:subfield><marc:subfield code="a">Wandmalerei</marc:subfield></marc:datafield><marc:datafield tag="689" ind1="7" ind2="2"><marc:subfield code="0">(DE-588)4179919-7</marc:subfield><marc:subfield code="D">s</marc:subfield><marc:subfield code="a">Schöpfung</marc:subfield><marc:subfield code="9">g:Motiv</marc:subfield></marc:datafield><marc:datafield tag="689" ind1="7" ind2=" "><marc:subfield code="5">DE-604</marc:subfield></marc:datafield><marc:datafield tag="689" ind1="8" ind2="0"><marc:subfield code="0">(DE-588)4179919-7</marc:subfield><marc:subfield code="D">s</marc:subfield><marc:subfield code="a">Schöpfung</marc:subfield><marc:subfield code="9">g:Motiv</marc:subfield></marc:datafield><marc:datafield tag="689" ind1="8" ind2="1"><marc:subfield code="0">(DE-588)4064542-3</marc:subfield><marc:subfield code="D">s</marc:subfield><marc:subfield code="a">Wandmalerei</marc:subfield></marc:datafield><marc:datafield tag="689" ind1="8" ind2="2"><marc:subfield code="0">(DE-588)4122644-6</marc:subfield><marc:subfield code="D">g</marc:subfield><marc:subfield code="a">Schweiz</marc:subfield><marc:subfield code="z">Nord</marc:subfield></marc:datafield><marc:datafield tag="689" ind1="8" ind2=" "><marc:subfield code="5">DE-604</marc:subfield></marc:datafield><marc:datafield tag="810" ind1="2" ind2=" "><marc:subfield code="a">Hochschulsammlung Philosophie</marc:subfield><marc:subfield code="t">Kunstgeschichte </marc:subfield><marc:subfield code="v">4</marc:subfield><marc:subfield code="w">(DE-604)BV000002022</marc:subfield></marc:datafield></marc:record>