
<marc:record><marc:leader>02019nam a2200493 cb4500</marc:leader>
<marc:controlfield tag="001">BV000078424</marc:controlfield>
<marc:controlfield tag="005">20090430        </marc:controlfield><marc:controlfield tag="008">870612s1982             m||| 00||| fre d</marc:controlfield><marc:datafield tag="020" ind1=" " ind2=" "><marc:subfield code="a">9173460982</marc:subfield><marc:subfield code="9">91-7346-098-2</marc:subfield></marc:datafield><marc:datafield tag="022" ind1=" " ind2=" "><marc:subfield code="a">0080-3863</marc:subfield><marc:subfield code="2">6</marc:subfield></marc:datafield><marc:datafield tag="035" ind1=" " ind2=" "><marc:subfield code="a">(DE-599)BVBBV000078424</marc:subfield></marc:datafield><marc:datafield tag="035" ind1=" " ind2=" "><marc:subfield code="a">(OCoLC)230327346</marc:subfield></marc:datafield><marc:datafield tag="040" ind1=" " ind2=" "><marc:subfield code="a">DE-604</marc:subfield><marc:subfield code="e">rakddb</marc:subfield></marc:datafield><marc:datafield tag="049" ind1=" " ind2=" "><marc:subfield code="a">DE-12</marc:subfield><marc:subfield code="a">DE-703</marc:subfield><marc:subfield code="a">DE-739</marc:subfield><marc:subfield code="a">DE-355</marc:subfield><marc:subfield code="a">DE-20</marc:subfield><marc:subfield code="a">DE-824</marc:subfield><marc:subfield code="a">DE-19</marc:subfield><marc:subfield code="a">DE-384</marc:subfield><marc:subfield code="a">DE-473</marc:subfield><marc:subfield code="a">DE-29</marc:subfield><marc:subfield code="a">DE-83</marc:subfield><marc:subfield code="a">DE-188</marc:subfield></marc:datafield><marc:datafield tag="084" ind1=" " ind2=" "><marc:subfield code="a">ID 5570</marc:subfield><marc:subfield code="2">rvk</marc:subfield></marc:datafield><marc:datafield tag="100" ind1="1" ind2=" "><marc:subfield code="a">Hansén, Iah</marc:subfield><marc:subfield code="4">aut</marc:subfield></marc:datafield><marc:datafield tag="245" ind1="1" ind2="0"><marc:subfield code="a">Les adverbes prédicatifs français en -ment</marc:subfield><marc:subfield code="b">usage et emploi au XXe siècle</marc:subfield><marc:subfield code="c">par Iah Hansén</marc:subfield></marc:datafield><marc:datafield tag="260" ind1=" " ind2=" "><marc:subfield code="a">Göteborg</marc:subfield><marc:subfield code="b">Rundqvist</marc:subfield><marc:subfield code="c">1982</marc:subfield></marc:datafield><marc:datafield tag="300" ind1=" " ind2=" "><marc:subfield code="a">230 S.</marc:subfield></marc:datafield><marc:datafield tag="490" ind1="1" ind2=" "><marc:subfield code="a">Acta Universitatis Gothoburgensis : Romanica Gothoburgensia </marc:subfield><marc:subfield code="v">19</marc:subfield></marc:datafield><marc:datafield tag="500" ind1=" " ind2=" "><marc:subfield code="a">Teilw. zugl.: Göteborg, Univ., Diss., 1979</marc:subfield></marc:datafield><marc:datafield tag="502" ind1=" " ind2=" "><marc:subfield code="a">Zugl.: Göteborg, Univ., Diss., 1979</marc:subfield></marc:datafield><marc:datafield tag="650" ind1="0" ind2="7"><marc:subfield code="0">(DE-588)4074915-0</marc:subfield><marc:subfield code="a">Modalpartikel</marc:subfield><marc:subfield code="2">gnd</marc:subfield></marc:datafield><marc:datafield tag="650" ind1="0" ind2="7"><marc:subfield code="0">(DE-588)4113615-9</marc:subfield><marc:subfield code="a">Französisch</marc:subfield><marc:subfield code="2">gnd</marc:subfield></marc:datafield><marc:datafield tag="650" ind1="0" ind2="7"><marc:subfield code="0">(DE-588)4184003-3</marc:subfield><marc:subfield code="a">Suffix</marc:subfield><marc:subfield code="2">gnd</marc:subfield></marc:datafield><marc:datafield tag="650" ind1="0" ind2="7"><marc:subfield code="0">(DE-588)4191574-4</marc:subfield><marc:subfield code="a">Adverb</marc:subfield><marc:subfield code="2">gnd</marc:subfield></marc:datafield><marc:datafield tag="650" ind1="0" ind2="7"><marc:subfield code="0">(DE-588)4205116-2</marc:subfield><marc:subfield code="a">Satzadverb</marc:subfield><marc:subfield code="2">gnd</marc:subfield></marc:datafield><marc:datafield tag="650" ind1="0" ind2="7"><marc:subfield code="0">(DE-588)4385026-1</marc:subfield><marc:subfield code="a">ment</marc:subfield><marc:subfield code="2">gnd</marc:subfield></marc:datafield><marc:datafield tag="689" ind1="0" ind2="0"><marc:subfield code="0">(DE-588)4113615-9</marc:subfield><marc:subfield code="D">s</marc:subfield><marc:subfield code="a">Französisch</marc:subfield></marc:datafield><marc:datafield tag="689" ind1="0" ind2="1"><marc:subfield code="0">(DE-588)4191574-4</marc:subfield><marc:subfield code="D">s</marc:subfield><marc:subfield code="a">Adverb</marc:subfield></marc:datafield><marc:datafield tag="689" ind1="0" ind2="2"><marc:subfield code="0">(DE-588)4184003-3</marc:subfield><marc:subfield code="D">s</marc:subfield><marc:subfield code="a">Suffix</marc:subfield></marc:datafield><marc:datafield tag="689" ind1="0" ind2="3"><marc:subfield code="0">(DE-588)4385026-1</marc:subfield><marc:subfield code="D">s</marc:subfield><marc:subfield code="a">ment</marc:subfield></marc:datafield><marc:datafield tag="689" ind1="0" ind2=" "><marc:subfield code="5">DE-604</marc:subfield></marc:datafield><marc:datafield tag="689" ind1="1" ind2="0"><marc:subfield code="0">(DE-588)4113615-9</marc:subfield><marc:subfield code="D">s</marc:subfield><marc:subfield code="a">Französisch</marc:subfield></marc:datafield><marc:datafield tag="689" ind1="1" ind2="1"><marc:subfield code="0">(DE-588)4205116-2</marc:subfield><marc:subfield code="D">s</marc:subfield><marc:subfield code="a">Satzadverb</marc:subfield></marc:datafield><marc:datafield tag="689" ind1="1" ind2=" "><marc:subfield code="5">DE-604</marc:subfield></marc:datafield><marc:datafield tag="689" ind1="2" ind2="0"><marc:subfield code="0">(DE-588)4113615-9</marc:subfield><marc:subfield code="D">s</marc:subfield><marc:subfield code="a">Französisch</marc:subfield></marc:datafield><marc:datafield tag="689" ind1="2" ind2="1"><marc:subfield code="0">(DE-588)4074915-0</marc:subfield><marc:subfield code="D">s</marc:subfield><marc:subfield code="a">Modalpartikel</marc:subfield></marc:datafield><marc:datafield tag="689" ind1="2" ind2="2"><marc:subfield code="0">(DE-588)4184003-3</marc:subfield><marc:subfield code="D">s</marc:subfield><marc:subfield code="a">Suffix</marc:subfield></marc:datafield><marc:datafield tag="689" ind1="2" ind2="3"><marc:subfield code="0">(DE-588)4385026-1</marc:subfield><marc:subfield code="D">s</marc:subfield><marc:subfield code="a">ment</marc:subfield></marc:datafield><marc:datafield tag="689" ind1="2" ind2=" "><marc:subfield code="5">DE-604</marc:subfield></marc:datafield><marc:datafield tag="830" ind1=" " ind2="0"><marc:subfield code="a">Acta Universitatis Gothoburgensis </marc:subfield><marc:subfield code="p">Romanica Gothoburgensia </marc:subfield><marc:subfield code="v">19</marc:subfield><marc:subfield code="w">(DE-604)BV000006434</marc:subfield></marc:datafield><marc:datafield tag="856" ind1="4" ind2="2"><marc:subfield code="m">V:DE-604</marc:subfield><marc:subfield code="q">application/pdf</marc:subfield><marc:subfield code="u">http://bvbr.bib-bvb.de:8991/F?func=service&amp;doc_library=BVB01&amp;doc_number=000036001&amp;line_number=0001&amp;func_code=DB_RECORDS&amp;service_type=MEDIA</marc:subfield><marc:subfield code="3">Inhaltsverzeichnis</marc:subfield></marc:datafield><marc:datafield tag="940" ind1="1" ind2=" "><marc:subfield code="q">TUB-nveb</marc:subfield></marc:datafield></marc:record>