
<marc:record><marc:leader>00562ncm a2200205 c 4500</marc:leader>
<marc:controlfield tag="001">BV000192492</marc:controlfield>
<marc:controlfield tag="005">19980622        </marc:controlfield><marc:controlfield tag="008">870612s1980       ||||  |||||||| | und d</marc:controlfield><marc:datafield tag="028" ind1="5" ind2="2"><marc:subfield code="a">U E 16053c</marc:subfield></marc:datafield><marc:datafield tag="035" ind1=" " ind2=" "><marc:subfield code="a">(DE-599)BVBBV000192492</marc:subfield></marc:datafield><marc:datafield tag="035" ind1=" " ind2=" "><marc:subfield code="a">(OCoLC)165775088</marc:subfield></marc:datafield><marc:datafield tag="040" ind1=" " ind2=" "><marc:subfield code="a">DE-604</marc:subfield><marc:subfield code="e">rakddb</marc:subfield></marc:datafield><marc:datafield tag="049" ind1=" " ind2=" "><marc:subfield code="a">DE-12</marc:subfield></marc:datafield><marc:datafield tag="084" ind1=" " ind2=" "><marc:subfield code="a">9,2</marc:subfield><marc:subfield code="2">ssgn</marc:subfield></marc:datafield><marc:datafield tag="100" ind1="1" ind2=" "><marc:subfield code="a">Schafer, Raymond Murray</marc:subfield><marc:subfield code="d">1933-</marc:subfield><marc:subfield code="0">(DE-588)119151634</marc:subfield><marc:subfield code="4">aut</marc:subfield></marc:datafield><marc:datafield tag="245" ind1="1" ind2="0"><marc:subfield code="a">North</marc:subfield><marc:subfield code="c">white</marc:subfield><marc:subfield code="h">Musikdruck / R. Murray Schafer</marc:subfield></marc:datafield><marc:datafield tag="250" ind1=" " ind2=" "><marc:subfield code="a">Score</marc:subfield></marc:datafield><marc:datafield tag="260" ind1=" " ind2=" "><marc:subfield code="a">Toronto</marc:subfield><marc:subfield code="b">Universal Ed.</marc:subfield><marc:subfield code="c">1980</marc:subfield></marc:datafield><marc:datafield tag="300" ind1=" " ind2=" "><marc:subfield code="a">23 S.</marc:subfield></marc:datafield><marc:datafield tag="500" ind1=" " ind2=" "><marc:subfield code="a">Für Orchester</marc:subfield></marc:datafield></marc:record>