
<marc:record><marc:leader>01124nam a2200289z  4500</marc:leader>
<marc:controlfield tag="001">BV040143516</marc:controlfield>
<marc:controlfield tag="005">00000000000000.0</marc:controlfield><marc:controlfield tag="008">120521s2010    gw       |||| 00||| und d</marc:controlfield><marc:datafield tag="015" ind1=" " ind2=" "><marc:subfield code="a">11,M04</marc:subfield><marc:subfield code="2">dnb</marc:subfield></marc:datafield><marc:datafield tag="024" ind1="2" ind2=" "><marc:subfield code="a">M007095505</marc:subfield></marc:datafield><marc:datafield tag="024" ind1="3" ind2=" "><marc:subfield code="a">9790007095505</marc:subfield></marc:datafield><marc:datafield tag="028" ind1="5" ind2="2"><marc:subfield code="a">CV 37.205/03 : EUR 8.80</marc:subfield></marc:datafield><marc:datafield tag="035" ind1=" " ind2=" "><marc:subfield code="a">(DE-101)DNB1009658530</marc:subfield></marc:datafield><marc:datafield tag="040" ind1=" " ind2=" "><marc:subfield code="a">DE-604</marc:subfield><marc:subfield code="e">rakddb</marc:subfield></marc:datafield><marc:datafield tag="044" ind1=" " ind2=" "><marc:subfield code="a">gw</marc:subfield><marc:subfield code="c">XA-DE</marc:subfield></marc:datafield><marc:datafield tag="049" ind1=" " ind2=" "><marc:subfield code="a">UBR01</marc:subfield></marc:datafield><marc:datafield tag="084" ind1=" " ind2=" "><marc:subfield code="a">782.22</marc:subfield><marc:subfield code="2">sdnb</marc:subfield></marc:datafield><marc:datafield tag="100" ind1="1" ind2=" "><marc:subfield code="a">Homilius, Gottfried August</marc:subfield><marc:subfield code="d">1714-1785</marc:subfield><marc:subfield code="0">(DE-588)118553356</marc:subfield></marc:datafield><marc:datafield tag="245" ind1="1" ind2="0"><marc:subfield code="a">Ergreifet die Psalter</marc:subfield><marc:subfield code="h">Musikdruck</marc:subfield><marc:subfield code="b">Kantate zum 1. Advent ; HoWV II.1 ; für Soli (ST), 2 Chöre (SATB/SATB), 3 Trompeten, Pauken, 2 Oboen, 2 Violinen, Viola, Basso continuo</marc:subfield><marc:subfield code="c">Gottfried August Homilius. Hrsg. von Uwe Wolf. Klavierauszug: Christoph Koop</marc:subfield></marc:datafield><marc:datafield tag="250" ind1=" " ind2=" "><marc:subfield code="a">Urtext</marc:subfield></marc:datafield><marc:datafield tag="260" ind1=" " ind2=" "><marc:subfield code="a">Stuttgart</marc:subfield><marc:subfield code="b">Carus-Verl.</marc:subfield><marc:subfield code="c">2010</marc:subfield></marc:datafield><marc:datafield tag="300" ind1=" " ind2=" "><marc:subfield code="a">28 S.</marc:subfield><marc:subfield code="c">27 cm</marc:subfield></marc:datafield><marc:datafield tag="490" ind1="0" ind2=" "><marc:subfield code="a">Ausgewählte Werke / Homilius</marc:subfield></marc:datafield><marc:datafield tag="500" ind1=" " ind2=" "><marc:subfield code="a">Vollst. krit. Bericht im 1. Kantatenbd. der Werkausg. (CV 37.114)</marc:subfield></marc:datafield><marc:datafield tag="700" ind1="1" ind2=" "><marc:subfield code="a">Koop, Christoph</marc:subfield><marc:subfield code="e">Bearb.</marc:subfield><marc:subfield code="0">(DE-588)135470110</marc:subfield></marc:datafield><marc:datafield tag="700" ind1="1" ind2=" "><marc:subfield code="a">Wolf, Uwe</marc:subfield><marc:subfield code="d">1961-</marc:subfield><marc:subfield code="e">Hrsg.</marc:subfield><marc:subfield code="0">(DE-588)130469793</marc:subfield></marc:datafield><marc:datafield tag="730" ind1="0" ind2=" "><marc:subfield code="a">Ergreifet die Psalter</marc:subfield></marc:datafield></marc:record>
</marc:collection>

